%% This BibTeX bibliography file was created using BibDesk.
%% http://bibdesk.sourceforge.net/


%% Created for Richard Oldham at 2012-04-05 13:44:54 -0400 


%% Saved with string encoding Unicode (UTF-8) 



@incollection{Thompson2004The-Decade-of-H,
	Author = {Tommy G. Thompson and David J. Brailer},
	Date-Added = {2012-04-05 17:41:12 +0000},
	Date-Modified = {2012-04-05 17:43:59 +0000},
	Journal = {U.S. Department of Health and Human Services, Office of the National Coordinator for Health Information Technology},
	Keywords = {background},
	Publisher = {U.S. Department of Health and Human Services, Office of the National Coordinator for Health Information Technology},
	Title = {The Decade of Health Information Technology: Delivering Consumer-centric and Information-rich Health Care},
	Year = {2004},
	Bdsk-File-1 = {YnBsaXN0MDDUAQIDBAUIJidUJHRvcFgkb2JqZWN0c1gkdmVyc2lvblkkYXJjaGl2ZXLRBgdUcm9vdIABqAkKFRYXGyIjVSRudWxs0wsMDQ4RFFpOUy5vYmplY3RzV05TLmtleXNWJGNsYXNzog8QgASABqISE4ACgAOAB1lhbGlhc0RhdGFccmVsYXRpdmVQYXRo0hgNGRpXTlMuZGF0YU8RAnIAAAAAAnIAAgAAA1VubwAAAAAAAAAAAAAAAAAAAAAAAAAAAAAAAMnQ4OlIKwAAAO2LiB9UaGVfRGVjYWRlX29mX0hJVC1EIzE0Q0Q1OTkucGRmAAAAAAAAAAAAAAAAAAAAAAAAAAAAAAAAAAAAAAAAAAABTNWZy6NIrwAAAAAAAAAAAAEAAgAACSAAAAAAAAAAAAAAAAAAAAAKTGl0ZXJhdHVyZQAQAAgAAMnRGSkAAAARAAgAAMujgO8AAAABABgA7YuIAOi6UgDEMQkAE7MeAA4NAQAODPQAAgBpVW5vOlVzZXJzOgBhcnRodXI6AERyb3Bib3g6ADFfc2hhcmU6AEJJT0lORiAzOTkwIC0gSW5kIFN0dWR5OgBMaXRlcmF0dXJlOgBUaGVfRGVjYWRlX29mX0hJVC1EIzE0Q0Q1OTkucGRmAAAOAIYAQgBUAGgAZQBfAEQAZQBjAGEAZABlAF8AbwBmAF8ASABJAFQALQBEAGUAbABpAHYAZQByAGkAbgBnAF8AQwB1AHMAdABvAG0AZQByAC0AYwBlAG4AdAByAGkAYwBfAGEAbgBkAF8ASQBuAGYAbwAtAHIAaQBjAGgAXwBIAEMALgBwAGQAZgAPAAgAAwBVAG4AbwASAIJVc2Vycy9hcnRodXIvRHJvcGJveC8xX3NoYXJlL0JJT0lORiAzOTkwIC0gSW5kIFN0dWR5L0xpdGVyYXR1cmUvVGhlX0RlY2FkZV9vZl9ISVQtRGVsaXZlcmluZ19DdXN0b21lci1jZW50cmljX2FuZF9JbmZvLXJpY2hfSEMucGRmABMAAS8AABUAAgAN//8AAIAF0hwdHh9YJGNsYXNzZXNaJGNsYXNzbmFtZaMfICFdTlNNdXRhYmxlRGF0YVZOU0RhdGFYTlNPYmplY3RfEFAuLi9MaXRlcmF0dXJlL1RoZV9EZWNhZGVfb2ZfSElULURlbGl2ZXJpbmdfQ3VzdG9tZXItY2VudHJpY19hbmRfSW5mby1yaWNoX0hDLnBkZtIcHSQloiUhXE5TRGljdGlvbmFyeRIAAYagXxAPTlNLZXllZEFyY2hpdmVyAAgAEQAWAB8AKAAyADUAOgA8AEUASwBSAF0AZQBsAG8AcQBzAHYAeAB6AHwAhgCTAJgAoAMWAxgDHQMmAzEDNQNDA0oDUwOmA6sDrgO7A8AAAAAAAAACAQAAAAAAAAAoAAAAAAAAAAAAAAAAAAAD0g==}}

@inproceedings{Marotta2007Design-and-eval,
	Address = {New York, NY},
	Author = {Marotta, Michael F. and Phanicphant, Purin and Malatack, Patrick and Shah, Tej and Price, Greg and Thyvalikakath, Thankam and Schleyer, Titus and Hong, Jason},
	Booktitle = {CHI '07 extended abstracts on Human factors in computing systems},
	Date-Added = {2012-02-15 17:05:46 +0000},
	Date-Modified = {2012-02-15 17:10:56 +0000},
	Keywords = {design},
	Pages = {2567--72},
	Publisher = {ACM},
	Series = {CHI EA '07},
	Title = {Design and evaluation of 3d models for electronic dental records},
	Year = {2007},
	Bdsk-File-1 = {YnBsaXN0MDDUAQIDBAUIJidUJHRvcFgkb2JqZWN0c1gkdmVyc2lvblkkYXJjaGl2ZXLRBgdUcm9vdIABqAkKFRYXGyIjVSRudWxs0wsMDQ4RFFpOUy5vYmplY3RzV05TLmtleXNWJGNsYXNzog8QgASABqISE4ACgAOAB1lhbGlhc0RhdGFccmVsYXRpdmVQYXRo0hgNGRpXTlMuZGF0YU8RAngAAAAAAngAAgAAA1VubwAAAAAAAAAAAAAAAAAAAAAAAAAAAAAAAMnQ4OlIKwAAAO2LiB9EZXNpZ24gYW5kIEV2YWx1YXRpbyNGQ0E2M0MucGRmAAAAAAAAAAAAAAAAAAAAAAAAAAAAAAAAAAAAAAAAAAAA/KY8y2FRLgAAAAAAAAAAAAEAAgAACSAAAAAAAAAAAAAAAAAAAAAKTGl0ZXJhdHVyZQAQAAgAAMnRGSkAAAARAAgAAMthl34AAAABABgA7YuIAOi6UgDEMQkAE7MeAA4NAQAODPQAAgBpVW5vOlVzZXJzOgBhcnRodXI6AERyb3Bib3g6ADFfc2hhcmU6AEJJT0lORiAzOTkwIC0gSW5kIFN0dWR5OgBMaXRlcmF0dXJlOgBEZXNpZ24gYW5kIEV2YWx1YXRpbyNGQ0E2M0MucGRmAAAOAIoARABEAGUAcwBpAGcAbgAgAGEAbgBkACAARQB2AGEAbAB1AGEAdABpAG8AbgAgAG8AZgAgADMARAAgAE0AbwBkAGUAbABzACAAZgBvAHIAIABFAGwAZQBjAHQAcgBvAG4AaQBjACAARABlAG4AdABhAGwAIABSAGUAYwBvAHIAZABzAC4AcABkAGYADwAIAAMAVQBuAG8AEgCEVXNlcnMvYXJ0aHVyL0Ryb3Bib3gvMV9zaGFyZS9CSU9JTkYgMzk5MCAtIEluZCBTdHVkeS9MaXRlcmF0dXJlL0Rlc2lnbiBhbmQgRXZhbHVhdGlvbiBvZiAzRCBNb2RlbHMgZm9yIEVsZWN0cm9uaWMgRGVudGFsIFJlY29yZHMucGRmABMAAS8AABUAAgAN//8AAIAF0hwdHh9YJGNsYXNzZXNaJGNsYXNzbmFtZaMfICFdTlNNdXRhYmxlRGF0YVZOU0RhdGFYTlNPYmplY3RfEFIuLi9MaXRlcmF0dXJlL0Rlc2lnbiBhbmQgRXZhbHVhdGlvbiBvZiAzRCBNb2RlbHMgZm9yIEVsZWN0cm9uaWMgRGVudGFsIFJlY29yZHMucGRm0hwdJCWiJSFcTlNEaWN0aW9uYXJ5EgABhqBfEA9OU0tleWVkQXJjaGl2ZXIACAARABYAHwAoADIANQA6ADwARQBLAFIAXQBlAGwAbwBxAHMAdgB4AHoAfACGAJMAmACgAxwDHgMjAywDNwM7A0kDUANZA64DswO2A8MDyAAAAAAAAAIBAAAAAAAAACgAAAAAAAAAAAAAAAAAAAPa}}

@inproceedings{San-Diego2008PHANTOM-prototy,
	Address = {New York, NY},
	Author = {San Diego, Jonathan Padilla and Barrow, Alastair and Cox, Margaret and Harwin, Willism},
	Booktitle = {Proceedings of the 10th international conference on Multimodal interfaces},
	Date-Added = {2012-02-15 16:55:39 +0000},
	Date-Modified = {2012-02-15 16:59:47 +0000},
	Keywords = {design},
	Pages = {201--2},
	Publisher = {ACM},
	Series = {ICMI '08},
	Title = {PHANTOM prototype: exploring the potential for learning with multimodal features in dentistry},
	Year = {2008},
	Bdsk-File-1 = {YnBsaXN0MDDUAQIDBAUIJidUJHRvcFgkb2JqZWN0c1gkdmVyc2lvblkkYXJjaGl2ZXLRBgdUcm9vdIABqAkKFRYXGyIjVSRudWxs0wsMDQ4RFFpOUy5vYmplY3RzV05TLmtleXNWJGNsYXNzog8QgASABqISE4ACgAOAB1lhbGlhc0RhdGFccmVsYXRpdmVQYXRo0hgNGRpXTlMuZGF0YU8RAtAAAAAAAtAAAgAAA1VubwAAAAAAAAAAAAAAAAAAAAAAAAAAAAAAAMnQ4OlIKwAAAO2LiB9QSEFOVE9NIHByb3RvdHlwZS0gZSNGQ0E0Q0IucGRmAAAAAAAAAAAAAAAAAAAAAAAAAAAAAAAAAAAAAAAAAAAA/KTLy2FOkAAAAAAAAAAAAAEAAgAACSAAAAAAAAAAAAAAAAAAAAAKTGl0ZXJhdHVyZQAQAAgAAMnRGSkAAAARAAgAAMthlOAAAAABABgA7YuIAOi6UgDEMQkAE7MeAA4NAQAODPQAAgBpVW5vOlVzZXJzOgBhcnRodXI6AERyb3Bib3g6ADFfc2hhcmU6AEJJT0lORiAzOTkwIC0gSW5kIFN0dWR5OgBMaXRlcmF0dXJlOgBQSEFOVE9NIHByb3RvdHlwZS0gZSNGQ0E0Q0IucGRmAAAOAMQAYQBQAEgAQQBOAFQATwBNACAAcAByAG8AdABvAHQAeQBwAGUALQAgAGUAeABwAGwAbwByAGkAbgBnACAAdABoAGUAIABwAG8AdABlAG4AdABpAGEAbAAgAGYAbwByACAAbABlAGEAcgBuAGkAbgBnACAAdwBpAHQAaAAgAG0AdQBsAHQAaQBtAG8AZABhAGwAIABmAGUAYQB0AHUAcgBlAHMAIABpAG4AIABkAGUAbgB0AGkAcwB0AHIAeQAuAHAAZABmAA8ACAADAFUAbgBvABIAoVVzZXJzL2FydGh1ci9Ecm9wYm94LzFfc2hhcmUvQklPSU5GIDM5OTAgLSBJbmQgU3R1ZHkvTGl0ZXJhdHVyZS9QSEFOVE9NIHByb3RvdHlwZS0gZXhwbG9yaW5nIHRoZSBwb3RlbnRpYWwgZm9yIGxlYXJuaW5nIHdpdGggbXVsdGltb2RhbCBmZWF0dXJlcyBpbiBkZW50aXN0cnkucGRmAAATAAEvAAAVAAIADf//AACABdIcHR4fWCRjbGFzc2VzWiRjbGFzc25hbWWjHyAhXU5TTXV0YWJsZURhdGFWTlNEYXRhWE5TT2JqZWN0XxBvLi4vTGl0ZXJhdHVyZS9QSEFOVE9NIHByb3RvdHlwZS0gZXhwbG9yaW5nIHRoZSBwb3RlbnRpYWwgZm9yIGxlYXJuaW5nIHdpdGggbXVsdGltb2RhbCBmZWF0dXJlcyBpbiBkZW50aXN0cnkucGRm0hwdJCWiJSFcTlNEaWN0aW9uYXJ5EgABhqBfEA9OU0tleWVkQXJjaGl2ZXIACAARABYAHwAoADIANQA6ADwARQBLAFIAXQBlAGwAbwBxAHMAdgB4AHoAfACGAJMAmACgA3QDdgN7A4QDjwOTA6EDqAOxBCMEKAQrBDgEPQAAAAAAAAIBAAAAAAAAACgAAAAAAAAAAAAAAAAAAARP}}

@inproceedings{Mans2012Mining-processe,
	Address = {New York, NY},
	Author = {Mans, Ronny and Reijers, Hajo and van Genuchten, Michiel and Wismeijer, Daniel},
	Booktitle = {Proceedings of the 2nd ACM SIGHIT symposium on International health informatics},
	Date-Added = {2012-02-15 00:48:28 +0000},
	Date-Modified = {2012-02-15 00:49:52 +0000},
	Keywords = {process},
	Pages = {379--88},
	Publisher = {ACM},
	Series = {IHI '12},
	Title = {Mining processes in dentistry},
	Year = {2012}}

@inproceedings{Karunakaran2012Investigating-b,
	Abstract = {Collaborative information seeking (CIS) is an intrinsic part of medical work. Patient care teams increasingly rely upon various systems, such as Electronic Medical Records (EMRs), to support collaborative information seeking across hierarchical, functional and occupational boundaries of the organization in order to enhance the quality of medical care. However, despite their proven benefits, there still are several challenges to using EMRs for CIS, in specific, and for collaborative work, in general. The objective of this research study, therefore, is to identify some of the barriers associated with using EMRs during CIS activities. We employed qualitative research methods to understand how individuals within patient care teams use EMRs during CIS and what challenges they confront in the process. We conducted this study in the Emergency Department of a 500-bed teaching hospital. We used non-participant observations and semi-structured interviews of patient care team members for collecting our data and for capturing the practices. Through our data analysis, we identified a set of barriers to using EMRs during CIS. These include a) clash of "technological frames", b) lack of collective affordances, c) fear of deviations and d) alert fatigues. From the findings of our study, we highlight implications for designing EMR systems that could augment and facilitate better CIS.},
	Address = {New York, NY},
	Author = {Karunakaran, Arvind and Hee-Nam, Young and Reddy, Madhu},
	Booktitle = {Proceedings of the 2nd ACM SIGHIT symposium on International health informatics},
	Date-Added = {2012-02-15 00:39:10 +0000},
	Date-Modified = {2012-02-15 00:40:47 +0000},
	Keywords = {data entry},
	Pages = {743--48},
	Publisher = {ACM},
	Series = {IHI '12},
	Title = {Investigating barriers to electronic medical record use during collaborative information seeking activities},
	Year = {2012},
	Bdsk-File-1 = {YnBsaXN0MDDUAQIDBAUIJidUJHRvcFgkb2JqZWN0c1gkdmVyc2lvblkkYXJjaGl2ZXLRBgdUcm9vdIABqAkKFRYXGyIjVSRudWxs0wsMDQ4RFFpOUy5vYmplY3RzV05TLmtleXNWJGNsYXNzog8QgASABqISE4ACgAOAB1lhbGlhc0RhdGFccmVsYXRpdmVQYXRo0hgNGRpXTlMuZGF0YU8RAvoAAAAAAvoAAgAAA1VubwAAAAAAAAAAAAAAAAAAAAAAAAAAAAAAAMnQ4OlIKwAAAO2LiB9JbnZlc3RpZ2F0aW5nIEJhcnJpZSNGQkZGNzkucGRmAAAAAAAAAAAAAAAAAAAAAAAAAAAAAAAAAAAAAAAAAAAA+/95y2BowAAAAAAAAAAAAAEAAgAACSAAAAAAAAAAAAAAAAAAAAAKTGl0ZXJhdHVyZQAQAAgAAMnRGSkAAAARAAgAAMtgrxAAAAABABgA7YuIAOi6UgDEMQkAE7MeAA4NAQAODPQAAgBpVW5vOlVzZXJzOgBhcnRodXI6AERyb3Bib3g6ADFfc2hhcmU6AEJJT0lORiAzOTkwIC0gSW5kIFN0dWR5OgBMaXRlcmF0dXJlOgBJbnZlc3RpZ2F0aW5nIEJhcnJpZSNGQkZGNzkucGRmAAAOAOAAbwBJAG4AdgBlAHMAdABpAGcAYQB0AGkAbgBnACAAQgBhAHIAcgBpAGUAcgBzACAAdABvACAARQBsAGUAYwB0AHIAbwBuAGkAYwAgAE0AZQBkAGkAYwBhAGwAIABSAGUAYwBvAHIAZAAgAFUAcwBlACAAZAB1AHIAaQBuAGcAIABDAG8AbABsAGEAYgBvAHIAYQB0AGkAdgBlACAASQBuAGYAbwByAG0AYQB0AGkAbwBuACAAUwBlAGUAawBpAG4AZwAgAEEAYwB0AGkAdgBpAHQAaQBlAHMALgBwAGQAZgAPAAgAAwBVAG4AbwASAK9Vc2Vycy9hcnRodXIvRHJvcGJveC8xX3NoYXJlL0JJT0lORiAzOTkwIC0gSW5kIFN0dWR5L0xpdGVyYXR1cmUvSW52ZXN0aWdhdGluZyBCYXJyaWVycyB0byBFbGVjdHJvbmljIE1lZGljYWwgUmVjb3JkIFVzZSBkdXJpbmcgQ29sbGFib3JhdGl2ZSBJbmZvcm1hdGlvbiBTZWVraW5nIEFjdGl2aXRpZXMucGRmAAATAAEvAAAVAAIADf//AACABdIcHR4fWCRjbGFzc2VzWiRjbGFzc25hbWWjHyAhXU5TTXV0YWJsZURhdGFWTlNEYXRhWE5TT2JqZWN0XxB9Li4vTGl0ZXJhdHVyZS9JbnZlc3RpZ2F0aW5nIEJhcnJpZXJzIHRvIEVsZWN0cm9uaWMgTWVkaWNhbCBSZWNvcmQgVXNlIGR1cmluZyBDb2xsYWJvcmF0aXZlIEluZm9ybWF0aW9uIFNlZWtpbmcgQWN0aXZpdGllcy5wZGbSHB0kJaIlIVxOU0RpY3Rpb25hcnkSAAGGoF8QD05TS2V5ZWRBcmNoaXZlcgAIABEAFgAfACgAMgA1ADoAPABFAEsAUgBdAGUAbABvAHEAcwB2AHgAegB8AIYAkwCYAKADngOgA6UDrgO5A70DywPSA9sEWwRgBGMEcAR1AAAAAAAAAgEAAAAAAAAAKAAAAAAAAAAAAAAAAAAABIc=}}

@inproceedings{Bargeron2003Reflowing-digit,
	Address = {New York, NY},
	Author = {Bargeron, David and Moscovich, Tomer},
	Booktitle = {Proceedings of the SIGCHI conference on Human factors in computing systems},
	Date-Added = {2012-02-15 00:17:58 +0000},
	Date-Modified = {2012-02-15 00:19:49 +0000},
	Keywords = {data entry},
	Pages = {385--93},
	Publisher = {ACM},
	Title = {Reflowing digital ink annotations},
	Year = {2003},
	Bdsk-File-1 = {YnBsaXN0MDDUAQIDBAUIJidUJHRvcFgkb2JqZWN0c1gkdmVyc2lvblkkYXJjaGl2ZXLRBgdUcm9vdIABqAkKFRYXGyIjVSRudWxs0wsMDQ4RFFpOUy5vYmplY3RzV05TLmtleXNWJGNsYXNzog8QgASABqISE4ACgAOAB1lhbGlhc0RhdGFccmVsYXRpdmVQYXRo0hgNGRpXTlMuZGF0YU8RAhwAAAAAAhwAAgAAA1VubwAAAAAAAAAAAAAAAAAAAAAAAAAAAAAAAMnQ4OlIKwAAAO2LiB9SZWZsb3dpbmcgRGlnaXRhbCBJbiNGQkZCN0QucGRmAAAAAAAAAAAAAAAAAAAAAAAAAAAAAAAAAAAAAAAAAAAA+/t9y2BkPwAAAAAAAAAAAAEAAgAACSAAAAAAAAAAAAAAAAAAAAAKTGl0ZXJhdHVyZQAQAAgAAMnRGSkAAAARAAgAAMtgqo8AAAABABgA7YuIAOi6UgDEMQkAE7MeAA4NAQAODPQAAgBpVW5vOlVzZXJzOgBhcnRodXI6AERyb3Bib3g6ADFfc2hhcmU6AEJJT0lORiAzOTkwIC0gSW5kIFN0dWR5OgBMaXRlcmF0dXJlOgBSZWZsb3dpbmcgRGlnaXRhbCBJbiNGQkZCN0QucGRmAAAOAEwAJQBSAGUAZgBsAG8AdwBpAG4AZwAgAEQAaQBnAGkAdABhAGwAIABJAG4AawAgAEEAbgBuAG8AdABhAHQAaQBvAG4AcwAuAHAAZABmAA8ACAADAFUAbgBvABIAZVVzZXJzL2FydGh1ci9Ecm9wYm94LzFfc2hhcmUvQklPSU5GIDM5OTAgLSBJbmQgU3R1ZHkvTGl0ZXJhdHVyZS9SZWZsb3dpbmcgRGlnaXRhbCBJbmsgQW5ub3RhdGlvbnMucGRmAAATAAEvAAAVAAIADf//AACABdIcHR4fWCRjbGFzc2VzWiRjbGFzc25hbWWjHyAhXU5TTXV0YWJsZURhdGFWTlNEYXRhWE5TT2JqZWN0XxAzLi4vTGl0ZXJhdHVyZS9SZWZsb3dpbmcgRGlnaXRhbCBJbmsgQW5ub3RhdGlvbnMucGRm0hwdJCWiJSFcTlNEaWN0aW9uYXJ5EgABhqBfEA9OU0tleWVkQXJjaGl2ZXIACAARABYAHwAoADIANQA6ADwARQBLAFIAXQBlAGwAbwBxAHMAdgB4AHoAfACGAJMAmACgAsACwgLHAtAC2wLfAu0C9AL9AzMDOAM7A0gDTQAAAAAAAAIBAAAAAAAAACgAAAAAAAAAAAAAAAAAAANf}}

@mastersthesis{Mayrhofer2007Pen-based-Elect,
	Author = {Mayrhofer, D},
	Date-Added = {2012-02-15 00:13:36 +0000},
	Date-Modified = {2012-02-15 00:15:45 +0000},
	Keywords = {data entry},
	School = {Vienna University of Technology},
	Title = {Pen-based Electronic Medical Record on a Tablet PC in a Medical Practice},
	Type = {Masters Thesis},
	Year = {2007},
	Bdsk-File-1 = {YnBsaXN0MDDUAQIDBAUIJidUJHRvcFgkb2JqZWN0c1gkdmVyc2lvblkkYXJjaGl2ZXLRBgdUcm9vdIABqAkKFRYXGyIjVSRudWxs0wsMDQ4RFFpOUy5vYmplY3RzV05TLmtleXNWJGNsYXNzog8QgASABqISE4ACgAOAB1lhbGlhc0RhdGFccmVsYXRpdmVQYXRo0hgNGRpXTlMuZGF0YU8RApQAAAAAApQAAgAAA1VubwAAAAAAAAAAAAAAAAAAAAAAAAAAAAAAAMnQ4OlIKwAAAO2LiB9QZW4tYmFzZWQgRWxlY3Ryb25pYyNGQkY3NTQucGRmAAAAAAAAAAAAAAAAAAAAAAAAAAAAAAAAAAAAAAAAAAAA+/dUy2BisAAAAAAAAAAAAAEAAgAACSAAAAAAAAAAAAAAAAAAAAAKTGl0ZXJhdHVyZQAQAAgAAMnRGSkAAAARAAgAAMtgqQAAAAABABgA7YuIAOi6UgDEMQkAE7MeAA4NAQAODPQAAgBpVW5vOlVzZXJzOgBhcnRodXI6AERyb3Bib3g6ADFfc2hhcmU6AEJJT0lORiAzOTkwIC0gSW5kIFN0dWR5OgBMaXRlcmF0dXJlOgBQZW4tYmFzZWQgRWxlY3Ryb25pYyNGQkY3NTQucGRmAAAOAJwATQBQAGUAbgAtAGIAYQBzAGUAZAAgAEUAbABlAGMAdAByAG8AbgBpAGMAIABNAGUAZABpAGMAYQBsACAAUgBlAGMAbwByAGQAIAAgAG8AbgAgAGEAIABUAGEAYgBsAGUAdAAgAFAAQwAgAGkAbgAgAGEAIABNAGUAZABpAGMAYQBsACAAUAByAGEAYwB0AGkAYwBlAC4AcABkAGYADwAIAAMAVQBuAG8AEgCNVXNlcnMvYXJ0aHVyL0Ryb3Bib3gvMV9zaGFyZS9CSU9JTkYgMzk5MCAtIEluZCBTdHVkeS9MaXRlcmF0dXJlL1Blbi1iYXNlZCBFbGVjdHJvbmljIE1lZGljYWwgUmVjb3JkICBvbiBhIFRhYmxldCBQQyBpbiBhIE1lZGljYWwgUHJhY3RpY2UucGRmAAATAAEvAAAVAAIADf//AACABdIcHR4fWCRjbGFzc2VzWiRjbGFzc25hbWWjHyAhXU5TTXV0YWJsZURhdGFWTlNEYXRhWE5TT2JqZWN0XxBbLi4vTGl0ZXJhdHVyZS9QZW4tYmFzZWQgRWxlY3Ryb25pYyBNZWRpY2FsIFJlY29yZCAgb24gYSBUYWJsZXQgUEMgaW4gYSBNZWRpY2FsIFByYWN0aWNlLnBkZtIcHSQloiUhXE5TRGljdGlvbmFyeRIAAYagXxAPTlNLZXllZEFyY2hpdmVyAAgAEQAWAB8AKAAyADUAOgA8AEUASwBSAF0AZQBsAG8AcQBzAHYAeAB6AHwAhgCTAJgAoAM4AzoDPwNIA1MDVwNlA2wDdQPTA9gD2wPoA+0AAAAAAAACAQAAAAAAAAAoAAAAAAAAAAAAAAAAAAAD/w==}}

@article{Mackenzi2002Text-entry-for-,
	Author = {Mackenzi, S and Soukoreff, W},
	Date-Added = {2012-02-15 00:03:08 +0000},
	Date-Modified = {2012-02-15 00:05:43 +0000},
	Journal = {Human-Computer Interaction},
	Keywords = {data entry},
	Number = {2 and 3},
	Pages = {147--98},
	Title = {Text entry for mobile computing: models and methods, theory and practice},
	Volume = {17},
	Year = {2002},
	Bdsk-File-1 = {YnBsaXN0MDDUAQIDBAUIJidUJHRvcFgkb2JqZWN0c1gkdmVyc2lvblkkYXJjaGl2ZXLRBgdUcm9vdIABqAkKFRYXGyIjVSRudWxs0wsMDQ4RFFpOUy5vYmplY3RzV05TLmtleXNWJGNsYXNzog8QgASABqISE4ACgAOAB1lhbGlhc0RhdGFccmVsYXRpdmVQYXRo0hgNGRpXTlMuZGF0YU8RApAAAAAAApAAAgAAA1VubwAAAAAAAAAAAAAAAAAAAAAAAAAAAAAAAMnQ4OlIKwAAAO2LiB9UZXh0IGVudHJ5IGZvciBtb2JpbCNGQkVGQUEucGRmAAAAAAAAAAAAAAAAAAAAAAAAAAAAAAAAAAAAAAAAAAAA+++qy2Bg1AAAAAAAAAAAAAEAAgAACSAAAAAAAAAAAAAAAAAAAAAKTGl0ZXJhdHVyZQAQAAgAAMnRGSkAAAARAAgAAMtgpyQAAAABABgA7YuIAOi6UgDEMQkAE7MeAA4NAQAODPQAAgBpVW5vOlVzZXJzOgBhcnRodXI6AERyb3Bib3g6ADFfc2hhcmU6AEJJT0lORiAzOTkwIC0gSW5kIFN0dWR5OgBMaXRlcmF0dXJlOgBUZXh0IGVudHJ5IGZvciBtb2JpbCNGQkVGQUEucGRmAAAOAJoATABUAGUAeAB0ACAAZQBuAHQAcgB5ACAAZgBvAHIAIABtAG8AYgBpAGwAZQAgAGMAbwBtAHAAdQB0AGkAbgBnAC0AIABtAG8AZABlAGwAcwAgAGEAbgBkACAAbQBlAHQAaABvAGQAcwAsACAAdABoAGUAbwByAHkAIABhAG4AZAAgAHAAcgBhAGMAdABpAGMAZQAuAHAAZABmAA8ACAADAFUAbgBvABIAjFVzZXJzL2FydGh1ci9Ecm9wYm94LzFfc2hhcmUvQklPSU5GIDM5OTAgLSBJbmQgU3R1ZHkvTGl0ZXJhdHVyZS9UZXh0IGVudHJ5IGZvciBtb2JpbGUgY29tcHV0aW5nLSBtb2RlbHMgYW5kIG1ldGhvZHMsIHRoZW9yeSBhbmQgcHJhY3RpY2UucGRmABMAAS8AABUAAgAN//8AAIAF0hwdHh9YJGNsYXNzZXNaJGNsYXNzbmFtZaMfICFdTlNNdXRhYmxlRGF0YVZOU0RhdGFYTlNPYmplY3RfEFouLi9MaXRlcmF0dXJlL1RleHQgZW50cnkgZm9yIG1vYmlsZSBjb21wdXRpbmctIG1vZGVscyBhbmQgbWV0aG9kcywgdGhlb3J5IGFuZCBwcmFjdGljZS5wZGbSHB0kJaIlIVxOU0RpY3Rpb25hcnkSAAGGoF8QD05TS2V5ZWRBcmNoaXZlcgAIABEAFgAfACgAMgA1ADoAPABFAEsAUgBdAGUAbABvAHEAcwB2AHgAegB8AIYAkwCYAKADNAM2AzsDRANPA1MDYQNoA3EDzgPTA9YD4wPoAAAAAAAAAgEAAAAAAAAAKAAAAAAAAAAAAAAAAAAAA/o=}}

@inproceedings{Seneviratne2010Improving-stylu,
	Address = {New York, NY},
	Author = {Seneviratne, Nilanthi and Plimmer, Beryl},
	Booktitle = {Proceedings of the 22nd Conference of the Computer-Human Interaction Special Interest Group of Australia on Computer-Human Interaction},
	Date-Added = {2012-02-14 23:58:37 +0000},
	Date-Modified = {2012-02-15 00:00:29 +0000},
	Keywords = {data entry},
	Pages = {280--87},
	Publisher = {ACM},
	Series = {OZCHI '10},
	Title = {Improving stylus interaction for eMedical forms},
	Year = {2010},
	Bdsk-File-1 = {YnBsaXN0MDDUAQIDBAUIJidUJHRvcFgkb2JqZWN0c1gkdmVyc2lvblkkYXJjaGl2ZXLRBgdUcm9vdIABqAkKFRYXGyIjVSRudWxs0wsMDQ4RFFpOUy5vYmplY3RzV05TLmtleXNWJGNsYXNzog8QgASABqISE4ACgAOAB1lhbGlhc0RhdGFccmVsYXRpdmVQYXRo0hgNGRpXTlMuZGF0YU8RAkYAAAAAAkYAAgAAA1VubwAAAAAAAAAAAAAAAAAAAAAAAAAAAAAAAMnQ4OlIKwAAAO2LiB9JbXByb3ZpbmcgU3R5bHVzIEludCNGQkU1RDUucGRmAAAAAAAAAAAAAAAAAAAAAAAAAAAAAAAAAAAAAAAAAAAA++XVy2BcPAAAAAAAAAAAAAEAAgAACSAAAAAAAAAAAAAAAAAAAAAKTGl0ZXJhdHVyZQAQAAgAAMnRGSkAAAARAAgAAMtgoowAAAABABgA7YuIAOi6UgDEMQkAE7MeAA4NAQAODPQAAgBpVW5vOlVzZXJzOgBhcnRodXI6AERyb3Bib3g6ADFfc2hhcmU6AEJJT0lORiAzOTkwIC0gSW5kIFN0dWR5OgBMaXRlcmF0dXJlOgBJbXByb3ZpbmcgU3R5bHVzIEludCNGQkU1RDUucGRmAAAOAGgAMwBJAG0AcAByAG8AdgBpAG4AZwAgAFMAdAB5AGwAdQBzACAASQBuAHQAZQByAGEAYwB0AGkAbwBuACAAZgBvAHIAIABlAE0AZQBkAGkAYwBhAGwAIABGAG8AcgBtAHMALgBwAGQAZgAPAAgAAwBVAG4AbwASAHNVc2Vycy9hcnRodXIvRHJvcGJveC8xX3NoYXJlL0JJT0lORiAzOTkwIC0gSW5kIFN0dWR5L0xpdGVyYXR1cmUvSW1wcm92aW5nIFN0eWx1cyBJbnRlcmFjdGlvbiBmb3IgZU1lZGljYWwgRm9ybXMucGRmAAATAAEvAAAVAAIADf//AACABdIcHR4fWCRjbGFzc2VzWiRjbGFzc25hbWWjHyAhXU5TTXV0YWJsZURhdGFWTlNEYXRhWE5TT2JqZWN0XxBBLi4vTGl0ZXJhdHVyZS9JbXByb3ZpbmcgU3R5bHVzIEludGVyYWN0aW9uIGZvciBlTWVkaWNhbCBGb3Jtcy5wZGbSHB0kJaIlIVxOU0RpY3Rpb25hcnkSAAGGoF8QD05TS2V5ZWRBcmNoaXZlcgAIABEAFgAfACgAMgA1ADoAPABFAEsAUgBdAGUAbABvAHEAcwB2AHgAegB8AIYAkwCYAKAC6gLsAvEC+gMFAwkDFwMeAycDawNwA3MDgAOFAAAAAAAAAgEAAAAAAAAAKAAAAAAAAAAAAAAAAAAAA5c=}}

@inproceedings{Ramos2007Pointing-lenses,
	Abstract = {Using a stylus on a tablet computer to acquire small targets can be challenging. In this paper we present pointing lenses -- interaction techniques that help users acquire and select targets by presenting them with an enlarged visual and interaction area. We present and study three pointing lenses for pen-based systems and find that our proposed Pressure-Activated Lens is the top overall performer in terms of speed, accuracy and user preference. In addition, our experimental results not only show that participants find all pointing lenses beneficial for targets smaller than 5 pixels, but they also suggest that this benefit may extend to larger targets as well.},
	Address = {New York, NY},
	Annote = {Pointing and clicking remains the main method for selecting items on a form. However this method is cumbersome when using a stylus: it requires considerable time to select small objects (i.e. check boxes and radio buttons). This can be alleviated by making a controls' target area larger (Ramos, Cockburn, Balakrishnan, & Beaudouin-Lafon, 2007)
},
	Author = {Ramos, G and Cockburn, A and Balakrishnan, R and Beaudouin-Lafon, M},
	Booktitle = {Proceedings of the SIGCHI conference on Human factors in computing systems},
	Date-Added = {2012-02-14 23:51:53 +0000},
	Date-Modified = {2012-02-15 20:53:35 +0000},
	Keywords = {data entry},
	Pages = {757--66},
	Publisher = {ACM},
	Series = {CHI '07},
	Title = {Pointing lenses: facilitating stylus input through visual-and motor-space magnification},
	Year = {2007},
	Bdsk-File-1 = {YnBsaXN0MDDUAQIDBAUIJidUJHRvcFgkb2JqZWN0c1gkdmVyc2lvblkkYXJjaGl2ZXLRBgdUcm9vdIABqAkKFRYXGyIjVSRudWxs0wsMDQ4RFFpOUy5vYmplY3RzV05TLmtleXNWJGNsYXNzog8QgASABqISE4ACgAOAB1lhbGlhc0RhdGFccmVsYXRpdmVQYXRo0hgNGRpXTlMuZGF0YU8RAsYAAAAAAsYAAgAAA1VubwAAAAAAAAAAAAAAAAAAAAAAAAAAAAAAAMnQ4OlIKwAAAO2LiB9Qb2ludGluZyBMZW5zZXMtIEZhYyNGQkU4NkUucGRmAAAAAAAAAAAAAAAAAAAAAAAAAAAAAAAAAAAAAAAAAAAA++huy2BdmgAAAAAAAAAAAAEAAgAACSAAAAAAAAAAAAAAAAAAAAAKTGl0ZXJhdHVyZQAQAAgAAMnRGSkAAAARAAgAAMtgo+oAAAABABgA7YuIAOi6UgDEMQkAE7MeAA4NAQAODPQAAgBpVW5vOlVzZXJzOgBhcnRodXI6AERyb3Bib3g6ADFfc2hhcmU6AEJJT0lORiAzOTkwIC0gSW5kIFN0dWR5OgBMaXRlcmF0dXJlOgBQb2ludGluZyBMZW5zZXMtIEZhYyNGQkU4NkUucGRmAAAOAL4AXgBQAG8AaQBuAHQAaQBuAGcAIABMAGUAbgBzAGUAcwAtACAARgBhAGMAaQBsAGkAdABhAHQAaQBuAGcAIABTAHQAeQBsAHUAcwAgAEkAbgBwAHUAdAAgAHQAaAByAG8AdQBnAGgAIAAgACAAVgBpAHMAdQBhAGwALQAgAGEAbgBkACAATQBvAHQAbwByAC0AUwBwAGEAYwBlACAATQBhAGcAbgBpAGYAaQBjAGEAdABpAG8AbgAuAHAAZABmAA8ACAADAFUAbgBvABIAnlVzZXJzL2FydGh1ci9Ecm9wYm94LzFfc2hhcmUvQklPSU5GIDM5OTAgLSBJbmQgU3R1ZHkvTGl0ZXJhdHVyZS9Qb2ludGluZyBMZW5zZXMtIEZhY2lsaXRhdGluZyBTdHlsdXMgSW5wdXQgdGhyb3VnaCAgIFZpc3VhbC0gYW5kIE1vdG9yLVNwYWNlIE1hZ25pZmljYXRpb24ucGRmABMAAS8AABUAAgAN//8AAIAF0hwdHh9YJGNsYXNzZXNaJGNsYXNzbmFtZaMfICFdTlNNdXRhYmxlRGF0YVZOU0RhdGFYTlNPYmplY3RfEGwuLi9MaXRlcmF0dXJlL1BvaW50aW5nIExlbnNlcy0gRmFjaWxpdGF0aW5nIFN0eWx1cyBJbnB1dCB0aHJvdWdoICAgVmlzdWFsLSBhbmQgTW90b3ItU3BhY2UgTWFnbmlmaWNhdGlvbi5wZGbSHB0kJaIlIVxOU0RpY3Rpb25hcnkSAAGGoF8QD05TS2V5ZWRBcmNoaXZlcgAIABEAFgAfACgAMgA1ADoAPABFAEsAUgBdAGUAbABvAHEAcwB2AHgAegB8AIYAkwCYAKADagNsA3EDegOFA4kDlwOeA6cEFgQbBB4EKwQwAAAAAAAAAgEAAAAAAAAAKAAAAAAAAAAAAAAAAAAABEI=}}

@inproceedings{Taib2006Multimodal-User,
	Address = {Darlinghurst, Australia},
	Author = {Taib, R and Shi, Y and Choi, E and Chen, F and Sladescu, M and Phung, N},
	Booktitle = {Proceedings of the 2005 NICTA-HCSNet Multimodal User Interaction Workshop},
	Date-Added = {2012-02-14 23:39:20 +0000},
	Date-Modified = {2012-02-14 23:43:27 +0000},
	Keywords = {data entry},
	Pages = {55-9},
	Publisher = {Austrailian Computer Society, Inc.},
	Series = {MMUI '05},
	Title = {Multimodal User Interface Facilitating Critical Data Entry for Traffic Incident Management},
	Volume = {57},
	Year = {2006},
	Bdsk-File-1 = {YnBsaXN0MDDUAQIDBAUIJidUJHRvcFgkb2JqZWN0c1gkdmVyc2lvblkkYXJjaGl2ZXLRBgdUcm9vdIABqAkKFRYXGyIjVSRudWxs0wsMDQ4RFFpOUy5vYmplY3RzV05TLmtleXNWJGNsYXNzog8QgASABqISE4ACgAOAB1lhbGlhc0RhdGFccmVsYXRpdmVQYXRo0hgNGRpXTlMuZGF0YU8RAsYAAAAAAsYAAgAAA1VubwAAAAAAAAAAAAAAAAAAAAAAAAAAAAAAAMnQ4OlIKwAAAO2LiB9tdWx0aW1vZGFsIHVzZXIgaW50ZSNGQkRBNDUucGRmAAAAAAAAAAAAAAAAAAAAAAAAAAAAAAAAAAAAAAAAAAAA+9pFy2BIQAAAAAAAAAAAAAEAAgAACSAAAAAAAAAAAAAAAAAAAAAKTGl0ZXJhdHVyZQAQAAgAAMnRGSkAAAARAAgAAMtgjpAAAAABABgA7YuIAOi6UgDEMQkAE7MeAA4NAQAODPQAAgBpVW5vOlVzZXJzOgBhcnRodXI6AERyb3Bib3g6ADFfc2hhcmU6AEJJT0lORiAzOTkwIC0gSW5kIFN0dWR5OgBMaXRlcmF0dXJlOgBtdWx0aW1vZGFsIHVzZXIgaW50ZSNGQkRBNDUucGRmAAAOAL4AXgBtAHUAbAB0AGkAbQBvAGQAYQBsACAAdQBzAGUAcgAgAGkAbgB0AGUAcgBmAGEAYwBlACAAZgBhAGMAaQBsAGkAdABhAHQAaQBuAGcAIABjAHIAaQB0AGkAYwBhAGwAIABkAGEAdABhACAAZQBuAHQAcgB5ACAAZgBvAHIAIAB0AHIAYQBmAGYAaQBjACAAaQBuAGMAaQBkAGUAbgB0ACAAbQBhAG4AYQBnAGUAbQBlAG4AdAAuAHAAZABmAA8ACAADAFUAbgBvABIAnlVzZXJzL2FydGh1ci9Ecm9wYm94LzFfc2hhcmUvQklPSU5GIDM5OTAgLSBJbmQgU3R1ZHkvTGl0ZXJhdHVyZS9tdWx0aW1vZGFsIHVzZXIgaW50ZXJmYWNlIGZhY2lsaXRhdGluZyBjcml0aWNhbCBkYXRhIGVudHJ5IGZvciB0cmFmZmljIGluY2lkZW50IG1hbmFnZW1lbnQucGRmABMAAS8AABUAAgAN//8AAIAF0hwdHh9YJGNsYXNzZXNaJGNsYXNzbmFtZaMfICFdTlNNdXRhYmxlRGF0YVZOU0RhdGFYTlNPYmplY3RfEGwuLi9MaXRlcmF0dXJlL211bHRpbW9kYWwgdXNlciBpbnRlcmZhY2UgZmFjaWxpdGF0aW5nIGNyaXRpY2FsIGRhdGEgZW50cnkgZm9yIHRyYWZmaWMgaW5jaWRlbnQgbWFuYWdlbWVudC5wZGbSHB0kJaIlIVxOU0RpY3Rpb25hcnkSAAGGoF8QD05TS2V5ZWRBcmNoaXZlcgAIABEAFgAfACgAMgA1ADoAPABFAEsAUgBdAGUAbABvAHEAcwB2AHgAegB8AIYAkwCYAKADagNsA3EDegOFA4kDlwOeA6cEFgQbBB4EKwQwAAAAAAAAAgEAAAAAAAAAKAAAAAAAAAAAAAAAAAAABEI=}}

@article{Sudano2005Using-tablet-PC,
	Author = {Sudano, JJ and Kofford, B and Wotman, S},
	Date-Added = {2012-02-07 23:48:39 +0000},
	Date-Modified = {2012-02-07 23:50:08 +0000},
	Journal = {J Public Health Dent},
	Keywords = {data entry},
	Month = {Fall},
	Number = {4},
	Pages = {244-5},
	Title = {Using tablet PC's in dental practice research: technology, cost savings, and direct data entry "on the go"},
	Volume = {65},
	Year = {2005},
	Bdsk-File-1 = {YnBsaXN0MDDUAQIDBAUIJidUJHRvcFgkb2JqZWN0c1gkdmVyc2lvblkkYXJjaGl2ZXLRBgdUcm9vdIABqAkKFRYXGyIjVSRudWxs0wsMDQ4RFFpOUy5vYmplY3RzV05TLmtleXNWJGNsYXNzog8QgASABqISE4ACgAOAB1lhbGlhc0RhdGFccmVsYXRpdmVQYXRo0hgNGRpXTlMuZGF0YU8RAtAAAAAAAtAAAgAAA1VubwAAAAAAAAAAAAAAAAAAAAAAAAAAAAAAAMnQ4OlIKwAAAO2LiB9Vc2luZyBUYWJsZXQgUENzIGluICNGN0UxQ0YucGRmAAAAAAAAAAAAAAAAAAAAAAAAAAAAAAAAAAAAAAAAAAAA9+HPy1ci5QAAAAAAAAAAAAEAAgAACSAAAAAAAAAAAAAAAAAAAAAKTGl0ZXJhdHVyZQAQAAgAAMnRGSkAAAARAAgAAMtXaTUAAAABABgA7YuIAOi6UgDEMQkAE7MeAA4NAQAODPQAAgBpVW5vOlVzZXJzOgBhcnRodXI6AERyb3Bib3g6ADFfc2hhcmU6AEJJT0lORiAzOTkwIC0gSW5kIFN0dWR5OgBMaXRlcmF0dXJlOgBVc2luZyBUYWJsZXQgUENzIGluICNGN0UxQ0YucGRmAAAOAMQAYQBVAHMAaQBuAGcAIABUAGEAYgBsAGUAdAAgAFAAQwBzACAAaQBuACAARABlAG4AdABhAGwAIABQAHIAYQBjAHQAaQBjAGUAIABSAGUAcwBlAGEAcgBjAGgALQAgAFQAZQBjAGgAbgBvAGwAbwBnAHkALAAgAEMAbwBzAHQAIABTAGEAdgBpAG4AZwBzACwAIABhAG4AZAAgAEQAaQByAGUAYwB0ACAARABhAHQAYQAgAEUAbgB0AHIAeQAuAHAAZABmAA8ACAADAFUAbgBvABIAoVVzZXJzL2FydGh1ci9Ecm9wYm94LzFfc2hhcmUvQklPSU5GIDM5OTAgLSBJbmQgU3R1ZHkvTGl0ZXJhdHVyZS9Vc2luZyBUYWJsZXQgUENzIGluIERlbnRhbCBQcmFjdGljZSBSZXNlYXJjaC0gVGVjaG5vbG9neSwgQ29zdCBTYXZpbmdzLCBhbmQgRGlyZWN0IERhdGEgRW50cnkucGRmAAATAAEvAAAVAAIADf//AACABdIcHR4fWCRjbGFzc2VzWiRjbGFzc25hbWWjHyAhXU5TTXV0YWJsZURhdGFWTlNEYXRhWE5TT2JqZWN0XxBvLi4vTGl0ZXJhdHVyZS9Vc2luZyBUYWJsZXQgUENzIGluIERlbnRhbCBQcmFjdGljZSBSZXNlYXJjaC0gVGVjaG5vbG9neSwgQ29zdCBTYXZpbmdzLCBhbmQgRGlyZWN0IERhdGEgRW50cnkucGRm0hwdJCWiJSFcTlNEaWN0aW9uYXJ5EgABhqBfEA9OU0tleWVkQXJjaGl2ZXIACAARABYAHwAoADIANQA6ADwARQBLAFIAXQBlAGwAbwBxAHMAdgB4AHoAfACGAJMAmACgA3QDdgN7A4QDjwOTA6EDqAOxBCMEKAQrBDgEPQAAAAAAAAIBAAAAAAAAACgAAAAAAAAAAAAAAAAAAARP}}

@article{Haller2009Handheld-vs.-la,
	Author = {Haller, G and Haller, DM and Courvoisier, DS and Lovis, C},
	Date-Added = {2012-02-07 23:44:16 +0000},
	Date-Modified = {2012-02-07 23:46:49 +0000},
	Journal = {J Am Med Inform Assoc},
	Keywords = {data entry},
	Month = {Sep-Oct},
	Number = {5},
	Pages = {651-59},
	Title = {Handheld vs. laptop computers for electronic data collection in clinical research: a crossover randomized trial},
	Volume = {16},
	Year = {2009},
	Bdsk-File-1 = {YnBsaXN0MDDUAQIDBAUIJidUJHRvcFgkb2JqZWN0c1gkdmVyc2lvblkkYXJjaGl2ZXLRBgdUcm9vdIABqAkKFRYXGyIjVSRudWxs0wsMDQ4RFFpOUy5vYmplY3RzV05TLmtleXNWJGNsYXNzog8QgASABqISE4ACgAOAB1lhbGlhc0RhdGFccmVsYXRpdmVQYXRo0hgNGRpXTlMuZGF0YU8RAqwAAAAAAqwAAgAAA1VubwAAAAAAAAAAAAAAAAAAAAAAAAAAAAAAAMnQ4OlIKwAAAO2LiB9IYW5kaGVsZCB2cy4gTGFwdG9wICNGN0RERjUucGRmAAAAAAAAAAAAAAAAAAAAAAAAAAAAAAAAAAAAAAAAAAAA9931y1ch9wAAAAAAAAAAAAEAAgAACSAAAAAAAAAAAAAAAAAAAAAKTGl0ZXJhdHVyZQAQAAgAAMnRGSkAAAARAAgAAMtXaEcAAAABABgA7YuIAOi6UgDEMQkAE7MeAA4NAQAODPQAAgBpVW5vOlVzZXJzOgBhcnRodXI6AERyb3Bib3g6ADFfc2hhcmU6AEJJT0lORiAzOTkwIC0gSW5kIFN0dWR5OgBMaXRlcmF0dXJlOgBIYW5kaGVsZCB2cy4gTGFwdG9wICNGN0RERjUucGRmAAAOAKwAVQBIAGEAbgBkAGgAZQBsAGQAIAB2AHMALgAgAEwAYQBwAHQAbwBwACAAQwBvAG0AcAB1AHQAZQByAHMAIABmAG8AcgAgAEUAbABlAGMAdAByAG8AbgBpAGMAIABEAGEAdABhACAAQwBvAGwAbABlAGMAdABpAG8AbgAgAGkAbgAgAEMAbABpAG4AaQBjAGEAbAAgAFIAZQBzAGUAYQByAGMAaAAuAHAAZABmAA8ACAADAFUAbgBvABIAlVVzZXJzL2FydGh1ci9Ecm9wYm94LzFfc2hhcmUvQklPSU5GIDM5OTAgLSBJbmQgU3R1ZHkvTGl0ZXJhdHVyZS9IYW5kaGVsZCB2cy4gTGFwdG9wIENvbXB1dGVycyBmb3IgRWxlY3Ryb25pYyBEYXRhIENvbGxlY3Rpb24gaW4gQ2xpbmljYWwgUmVzZWFyY2gucGRmAAATAAEvAAAVAAIADf//AACABdIcHR4fWCRjbGFzc2VzWiRjbGFzc25hbWWjHyAhXU5TTXV0YWJsZURhdGFWTlNEYXRhWE5TT2JqZWN0XxBjLi4vTGl0ZXJhdHVyZS9IYW5kaGVsZCB2cy4gTGFwdG9wIENvbXB1dGVycyBmb3IgRWxlY3Ryb25pYyBEYXRhIENvbGxlY3Rpb24gaW4gQ2xpbmljYWwgUmVzZWFyY2gucGRm0hwdJCWiJSFcTlNEaWN0aW9uYXJ5EgABhqBfEA9OU0tleWVkQXJjaGl2ZXIACAARABYAHwAoADIANQA6ADwARQBLAFIAXQBlAGwAbwBxAHMAdgB4AHoAfACGAJMAmACgA1ADUgNXA2ADawNvA30DhAONA/MD+AP7BAgEDQAAAAAAAAIBAAAAAAAAACgAAAAAAAAAAAAAAAAAAAQf}}

@article{Cole2006A-comparative-s,
	Author = {Cole, E and Pisano, ED and Clary, GJ and Zeng, D and Koomen, M and Kuzmiak, CM and Seo, BK and Lee, Y and Pavic, D},
	Date-Added = {2012-02-07 23:41:35 +0000},
	Date-Modified = {2012-02-07 23:43:38 +0000},
	Journal = {Int J Med Inform},
	Keywords = {data entry},
	Number = {10-11},
	Pages = {722-29},
	Title = {A comparative study of mobile electronic data entry systems for clinical trials data collectio},
	Volume = {75},
	Year = {2006},
	Bdsk-File-1 = {YnBsaXN0MDDUAQIDBAUIJidUJHRvcFgkb2JqZWN0c1gkdmVyc2lvblkkYXJjaGl2ZXLRBgdUcm9vdIABqAkKFRYXGyIjVSRudWxs0wsMDQ4RFFpOUy5vYmplY3RzV05TLmtleXNWJGNsYXNzog8QgASABqISE4ACgAOAB1lhbGlhc0RhdGFccmVsYXRpdmVQYXRo0hgNGRpXTlMuZGF0YU8RAtIAAAAAAtIAAgAAA1VubwAAAAAAAAAAAAAAAAAAAAAAAAAAAAAAAMnQ4OlIKwAAAO2LiB9BIGNvbXBhcmF0aXZlIHN0dWR5ICNGN0Q5NTkucGRmAAAAAAAAAAAAAAAAAAAAAAAAAAAAAAAAAAAAAAAAAAAA99lZy1cg1QAAAAAAAAAAAAEAAgAACSAAAAAAAAAAAAAAAAAAAAAKTGl0ZXJhdHVyZQAQAAgAAMnRGSkAAAARAAgAAMtXZyUAAAABABgA7YuIAOi6UgDEMQkAE7MeAA4NAQAODPQAAgBpVW5vOlVzZXJzOgBhcnRodXI6AERyb3Bib3g6ADFfc2hhcmU6AEJJT0lORiAzOTkwIC0gSW5kIFN0dWR5OgBMaXRlcmF0dXJlOgBBIGNvbXBhcmF0aXZlIHN0dWR5ICNGN0Q5NTkucGRmAAAOAMYAYgBBACAAYwBvAG0AcABhAHIAYQB0AGkAdgBlACAAcwB0AHUAZAB5ACAAbwBmACAAbQBvAGIAaQBsAGUAIABlAGwAZQBjAHQAcgBvAG4AaQBjACAAZABhAHQAYQAgAGUAbgB0AHIAeQAgAHMAeQBzAHQAZQBtAHMAIABmAG8AcgAgAGMAbABpAG4AaQBjAGEAbAAgAHQAcgBpAGEAbABzACAAZABhAHQAYQAgAGMAbwBsAGwAZQBjAHQAaQBvAC4AcABkAGYADwAIAAMAVQBuAG8AEgCiVXNlcnMvYXJ0aHVyL0Ryb3Bib3gvMV9zaGFyZS9CSU9JTkYgMzk5MCAtIEluZCBTdHVkeS9MaXRlcmF0dXJlL0EgY29tcGFyYXRpdmUgc3R1ZHkgb2YgbW9iaWxlIGVsZWN0cm9uaWMgZGF0YSBlbnRyeSBzeXN0ZW1zIGZvciBjbGluaWNhbCB0cmlhbHMgZGF0YSBjb2xsZWN0aW8ucGRmABMAAS8AABUAAgAN//8AAIAF0hwdHh9YJGNsYXNzZXNaJGNsYXNzbmFtZaMfICFdTlNNdXRhYmxlRGF0YVZOU0RhdGFYTlNPYmplY3RfEHAuLi9MaXRlcmF0dXJlL0EgY29tcGFyYXRpdmUgc3R1ZHkgb2YgbW9iaWxlIGVsZWN0cm9uaWMgZGF0YSBlbnRyeSBzeXN0ZW1zIGZvciBjbGluaWNhbCB0cmlhbHMgZGF0YSBjb2xsZWN0aW8ucGRm0hwdJCWiJSFcTlNEaWN0aW9uYXJ5EgABhqBfEA9OU0tleWVkQXJjaGl2ZXIACAARABYAHwAoADIANQA6ADwARQBLAFIAXQBlAGwAbwBxAHMAdgB4AHoAfACGAJMAmACgA3YDeAN9A4YDkQOVA6MDqgOzBCYEKwQuBDsEQAAAAAAAAAIBAAAAAAAAACgAAAAAAAAAAAAAAAAAAARS}}

@article{Beinlich1993Pen-based-remot,
	Author = {Beinlich, I and Bokemeyer, C and R{\"a}th, U and Walter-Kirst, R and Hartlapp, J and Muschiol, J and Fraass, U and Schneider, HT},
	Date-Added = {2012-02-07 23:37:39 +0000},
	Date-Modified = {2012-02-07 23:40:18 +0000},
	Journal = {Arzneimittel-Forschung},
	Keywords = {data entry},
	Number = {3},
	Pages = {399-404},
	Title = {Pen-based remote data entry system. A pilot clinical trial},
	Volume = {43},
	Year = {1993},
	Bdsk-File-1 = {YnBsaXN0MDDUAQIDBAUIJidUJHRvcFgkb2JqZWN0c1gkdmVyc2lvblkkYXJjaGl2ZXLRBgdUcm9vdIABqAkKFRYXGyIjVSRudWxs0wsMDQ4RFFpOUy5vYmplY3RzV05TLmtleXNWJGNsYXNzog8QgASABqISE4ACgAOAB1lhbGlhc0RhdGFccmVsYXRpdmVQYXRo0hgNGRpXTlMuZGF0YU8RAhwAAAAAAhwAAgAAA1VubwAAAAAAAAAAAAAAAAAAAAAAAAAAAAAAAMnQ4OlIKwAAAO2LiB9wZW5iYXNlZCByZW1vdGUgZGF0YSNGN0QzRTgucGRmAAAAAAAAAAAAAAAAAAAAAAAAAAAAAAAAAAAAAAAAAAAA99Poy1cf4QAAAAAAAAAAAAEAAgAACSAAAAAAAAAAAAAAAAAAAAAKTGl0ZXJhdHVyZQAQAAgAAMnRGSkAAAARAAgAAMtXZjEAAAABABgA7YuIAOi6UgDEMQkAE7MeAA4NAQAODPQAAgBpVW5vOlVzZXJzOgBhcnRodXI6AERyb3Bib3g6ADFfc2hhcmU6AEJJT0lORiAzOTkwIC0gSW5kIFN0dWR5OgBMaXRlcmF0dXJlOgBwZW5iYXNlZCByZW1vdGUgZGF0YSNGN0QzRTgucGRmAAAOAEwAJQBwAGUAbgBiAGEAcwBlAGQAIAByAGUAbQBvAHQAZQAgAGQAYQB0AGEAIABlAG4AdAByAHkAIABzAHkAcwB0AGUAbQAuAHAAZABmAA8ACAADAFUAbgBvABIAZVVzZXJzL2FydGh1ci9Ecm9wYm94LzFfc2hhcmUvQklPSU5GIDM5OTAgLSBJbmQgU3R1ZHkvTGl0ZXJhdHVyZS9wZW5iYXNlZCByZW1vdGUgZGF0YSBlbnRyeSBzeXN0ZW0ucGRmAAATAAEvAAAVAAIADf//AACABdIcHR4fWCRjbGFzc2VzWiRjbGFzc25hbWWjHyAhXU5TTXV0YWJsZURhdGFWTlNEYXRhWE5TT2JqZWN0XxAzLi4vTGl0ZXJhdHVyZS9wZW5iYXNlZCByZW1vdGUgZGF0YSBlbnRyeSBzeXN0ZW0ucGRm0hwdJCWiJSFcTlNEaWN0aW9uYXJ5EgABhqBfEA9OU0tleWVkQXJjaGl2ZXIACAARABYAHwAoADIANQA6ADwARQBLAFIAXQBlAGwAbwBxAHMAdgB4AHoAfACGAJMAmACgAsACwgLHAtAC2wLfAu0C9AL9AzMDOAM7A0gDTQAAAAAAAAIBAAAAAAAAACgAAAAAAAAAAAAAAAAAAANf}}

@article{Kirby1996The-PEN--PAD-da,
	Author = {Kirby, J and Rector, AL},
	Date-Added = {2012-02-07 23:27:32 +0000},
	Date-Modified = {2012-02-07 23:51:56 +0000},
	Journal = {Proc Annu Symp Am Med Inform Assoc},
	Keywords = {data entry},
	Pages = {709},
	Title = {The PEN \& PAD data entry system: from prototype to practical system},
	Year = {1996},
	Bdsk-File-1 = {YnBsaXN0MDDUAQIDBAUIJidUJHRvcFgkb2JqZWN0c1gkdmVyc2lvblkkYXJjaGl2ZXLRBgdUcm9vdIABqAkKFRYXGyIjVSRudWxs0wsMDQ4RFFpOUy5vYmplY3RzV05TLmtleXNWJGNsYXNzog8QgASABqISE4ACgAOAB1lhbGlhc0RhdGFccmVsYXRpdmVQYXRo0hgNGRpXTlMuZGF0YU8RAngAAAAAAngAAgAAA1VubwAAAAAAAAAAAAAAAAAAAAAAAAAAAAAAAMnQ4OlIKwAAAO2LiB9UaGUgUEVOblBBRCBEYXRhIEVudCNGN0NEQUIucGRmAAAAAAAAAAAAAAAAAAAAAAAAAAAAAAAAAAAAAAAAAAAA982ry1cd8wAAAAAAAAAAAAEAAgAACSAAAAAAAAAAAAAAAAAAAAAKTGl0ZXJhdHVyZQAQAAgAAMnRGSkAAAARAAgAAMtXZEMAAAABABgA7YuIAOi6UgDEMQkAE7MeAA4NAQAODPQAAgBpVW5vOlVzZXJzOgBhcnRodXI6AERyb3Bib3g6ADFfc2hhcmU6AEJJT0lORiAzOTkwIC0gSW5kIFN0dWR5OgBMaXRlcmF0dXJlOgBUaGUgUEVOblBBRCBEYXRhIEVudCNGN0NEQUIucGRmAAAOAIoARABUAGgAZQAgAFAARQBOAG4AUABBAEQAIABEAGEAdABhACAARQBuAHQAcgB5ACAAUwB5AHMAdABlAG0AIABmAHIAbwBtACAAcAByAG8AdABvAHQAeQBwAGUAIAB0AG8AIABwAHIAYQBjAHQAaQBjAGEAbAAgAHMAeQBzAHQAZQBtAC4AcABkAGYADwAIAAMAVQBuAG8AEgCEVXNlcnMvYXJ0aHVyL0Ryb3Bib3gvMV9zaGFyZS9CSU9JTkYgMzk5MCAtIEluZCBTdHVkeS9MaXRlcmF0dXJlL1RoZSBQRU5uUEFEIERhdGEgRW50cnkgU3lzdGVtIGZyb20gcHJvdG90eXBlIHRvIHByYWN0aWNhbCBzeXN0ZW0ucGRmABMAAS8AABUAAgAN//8AAIAF0hwdHh9YJGNsYXNzZXNaJGNsYXNzbmFtZaMfICFdTlNNdXRhYmxlRGF0YVZOU0RhdGFYTlNPYmplY3RfEFIuLi9MaXRlcmF0dXJlL1RoZSBQRU5uUEFEIERhdGEgRW50cnkgU3lzdGVtIGZyb20gcHJvdG90eXBlIHRvIHByYWN0aWNhbCBzeXN0ZW0ucGRm0hwdJCWiJSFcTlNEaWN0aW9uYXJ5EgABhqBfEA9OU0tleWVkQXJjaGl2ZXIACAARABYAHwAoADIANQA6ADwARQBLAFIAXQBlAGwAbwBxAHMAdgB4AHoAfACGAJMAmACgAxwDHgMjAywDNwM7A0kDUANZA64DswO2A8MDyAAAAAAAAAIBAAAAAAAAACgAAAAAAAAAAAAAAAAAAAPa}}

@article{Moorman1994A-model-for-str,
	Abstract = {Clinical narratives in patient records are usually recorded in free text, limiting the use of this information for research, quality assessment, and decision support. This study focuses on the capture of clinical narratives in a structured format by supporting physicians with structured data entry (SDE). We analyzed and made explicit which requirements SDE should meet
to be acceptable for the physician on the one hand, and generate unambig- uous patient data on the other. Starting from these requirements, we found that in order to support SDE, the knowledge on which it is based needs to be '1 made explicit: we refer to this knowledge as descriptional knowledge. We articulate the nature of this knowledge, and propose a model in which it can be formally represented. The model allows the construction of specific knowledge bases, each representing the knowledge needed to support SDE within a circumscribed domain. Data entry is made possible through a gen- eral entry program, of which the behavior is determined by a combination of user input and the content of the applicable domain knowledge base. We clarify how descriptional knowledge is represented, modeled, and used for data entry to achieve SDE, which meets the proposed requirements.},
	Author = {Moorman, PW and Van Ginneken, AM and van der Lei, J and van Bemmel, JH},
	Date-Added = {2012-02-07 23:25:20 +0000},
	Date-Modified = {2012-02-08 14:32:59 +0000},
	Journal = {Methods Inform Med},
	Keywords = {data entry},
	Number = {5},
	Pages = {454-63},
	Title = {A model for structured data entry based on explicit descriptional knowledge},
	Volume = {33},
	Year = {1994},
	Bdsk-File-1 = {YnBsaXN0MDDUAQIDBAUIJidUJHRvcFgkb2JqZWN0c1gkdmVyc2lvblkkYXJjaGl2ZXLRBgdUcm9vdIABqAkKFRYXGyIjVSRudWxs0wsMDQ4RFFpOUy5vYmplY3RzV05TLmtleXNWJGNsYXNzog8QgASABqISE4ACgAOAB1lhbGlhc0RhdGFccmVsYXRpdmVQYXRo0hgNGRpXTlMuZGF0YU8RApQAAAAAApQAAgAAA1VubwAAAAAAAAAAAAAAAAAAAAAAAAAAAAAAAMnQ4OlIKwAAAO2LiB9Nb2RlbCBmb3IgU3RydWN0dXJlZCNGN0NGQzYucGRmAAAAAAAAAAAAAAAAAAAAAAAAAAAAAAAAAAAAAAAAAAAA98/Gy1ceiQAAAAAAAAAAAAEAAgAACSAAAAAAAAAAAAAAAAAAAAAKTGl0ZXJhdHVyZQAQAAgAAMnRGSkAAAARAAgAAMtXZNkAAAABABgA7YuIAOi6UgDEMQkAE7MeAA4NAQAODPQAAgBpVW5vOlVzZXJzOgBhcnRodXI6AERyb3Bib3g6ADFfc2hhcmU6AEJJT0lORiAzOTkwIC0gSW5kIFN0dWR5OgBMaXRlcmF0dXJlOgBNb2RlbCBmb3IgU3RydWN0dXJlZCNGN0NGQzYucGRmAAAOAJwATQBNAG8AZABlAGwAIABmAG8AcgAgAFMAdAByAHUAYwB0AHUAcgBlAGQAIABEAGEAdABhACAARQBuAHQAcgB5ACAAQgBhAHMAZQBkACAAbwBuACAARQB4AHAAbABpAGMAaQB0ACAARABlAHMAYwByAGkAcAB0AGkAbwBuAGEAbAAgAEsAbgBvAHcAbABlAGQAZwBlAC4AcABkAGYADwAIAAMAVQBuAG8AEgCNVXNlcnMvYXJ0aHVyL0Ryb3Bib3gvMV9zaGFyZS9CSU9JTkYgMzk5MCAtIEluZCBTdHVkeS9MaXRlcmF0dXJlL01vZGVsIGZvciBTdHJ1Y3R1cmVkIERhdGEgRW50cnkgQmFzZWQgb24gRXhwbGljaXQgRGVzY3JpcHRpb25hbCBLbm93bGVkZ2UucGRmAAATAAEvAAAVAAIADf//AACABdIcHR4fWCRjbGFzc2VzWiRjbGFzc25hbWWjHyAhXU5TTXV0YWJsZURhdGFWTlNEYXRhWE5TT2JqZWN0XxBbLi4vTGl0ZXJhdHVyZS9Nb2RlbCBmb3IgU3RydWN0dXJlZCBEYXRhIEVudHJ5IEJhc2VkIG9uIEV4cGxpY2l0IERlc2NyaXB0aW9uYWwgS25vd2xlZGdlLnBkZtIcHSQloiUhXE5TRGljdGlvbmFyeRIAAYagXxAPTlNLZXllZEFyY2hpdmVyAAgAEQAWAB8AKAAyADUAOgA8AEUASwBSAF0AZQBsAG8AcQBzAHYAeAB6AHwAhgCTAJgAoAM4AzoDPwNIA1MDVwNlA2wDdQPTA9gD2wPoA+0AAAAAAAACAQAAAAAAAAAoAAAAAAAAAAAAAAAAAAAD/w==}}

@article{Rosenbloom2006Interface-Termm,
	Author = {Rosenbloom, ST and Miller, RA and Johnson, KB and Elkin, PL and Brown, SH},
	Date-Added = {2012-02-07 23:19:53 +0000},
	Date-Modified = {2012-02-07 23:22:09 +0000},
	Journal = {J Am Med Inform Assoc},
	Keywords = {data entry},
	Month = {May-Jun},
	Number = {3},
	Pages = {277-288},
	Title = {Interface Termminologies: Facilitating Direct Entry of Clinical Data into Electronic Health Record Systems},
	Volume = {13},
	Year = {2006},
	Bdsk-File-1 = {YnBsaXN0MDDUAQIDBAUIJidUJHRvcFgkb2JqZWN0c1gkdmVyc2lvblkkYXJjaGl2ZXLRBgdUcm9vdIABqAkKFRYXGyIjVSRudWxs0wsMDQ4RFFpOUy5vYmplY3RzV05TLmtleXNWJGNsYXNzog8QgASABqISE4ACgAOAB1lhbGlhc0RhdGFccmVsYXRpdmVQYXRo0hgNGRpXTlMuZGF0YU8RAqgAAAAAAqgAAgAAA1VubwAAAAAAAAAAAAAAAAAAAAAAAAAAAAAAAMnQ4OlIKwAAAO2LiB9GYWNpbGl0YXRpbmcgRGlyZWN0ICNGN0M2NUEucGRmAAAAAAAAAAAAAAAAAAAAAAAAAAAAAAAAAAAAAAAAAAAA98Zay1cbwgAAAAAAAAAAAAEAAgAACSAAAAAAAAAAAAAAAAAAAAAKTGl0ZXJhdHVyZQAQAAgAAMnRGSkAAAARAAgAAMtXYhIAAAABABgA7YuIAOi6UgDEMQkAE7MeAA4NAQAODPQAAgBpVW5vOlVzZXJzOgBhcnRodXI6AERyb3Bib3g6ADFfc2hhcmU6AEJJT0lORiAzOTkwIC0gSW5kIFN0dWR5OgBMaXRlcmF0dXJlOgBGYWNpbGl0YXRpbmcgRGlyZWN0ICNGN0M2NUEucGRmAAAOAKoAVABGAGEAYwBpAGwAaQB0AGEAdABpAG4AZwAgAEQAaQByAGUAYwB0ACAARQBuAHQAcgB5ACAAbwBmACAAQwBsAGkAbgBpAGMAYQBsACAARABhAHQAYQAgAGkAbgB0AG8AIABFAGwAZQBjAHQAcgBvAG4AaQBjACAASABlAGEAbAB0AGgAIABSAGUAYwBvAHIAZAAgAFMAeQBzAHQAZQBtAHMALgBwAGQAZgAPAAgAAwBVAG4AbwASAJRVc2Vycy9hcnRodXIvRHJvcGJveC8xX3NoYXJlL0JJT0lORiAzOTkwIC0gSW5kIFN0dWR5L0xpdGVyYXR1cmUvRmFjaWxpdGF0aW5nIERpcmVjdCBFbnRyeSBvZiBDbGluaWNhbCBEYXRhIGludG8gRWxlY3Ryb25pYyBIZWFsdGggUmVjb3JkIFN5c3RlbXMucGRmABMAAS8AABUAAgAN//8AAIAF0hwdHh9YJGNsYXNzZXNaJGNsYXNzbmFtZaMfICFdTlNNdXRhYmxlRGF0YVZOU0RhdGFYTlNPYmplY3RfEGIuLi9MaXRlcmF0dXJlL0ZhY2lsaXRhdGluZyBEaXJlY3QgRW50cnkgb2YgQ2xpbmljYWwgRGF0YSBpbnRvIEVsZWN0cm9uaWMgSGVhbHRoIFJlY29yZCBTeXN0ZW1zLnBkZtIcHSQloiUhXE5TRGljdGlvbmFyeRIAAYagXxAPTlNLZXllZEFyY2hpdmVyAAgAEQAWAB8AKAAyADUAOgA8AEUASwBSAF0AZQBsAG8AcQBzAHYAeAB6AHwAhgCTAJgAoANMA04DUwNcA2cDawN5A4ADiQPuA/MD9gQDBAgAAAAAAAACAQAAAAAAAAAoAAAAAAAAAAAAAAAAAAAEGg==}}

@article{Mulligen1998Clinical-data-e,
	Author = {van Mulligen, EM and Stam, H and Van Ginneken, AM},
	Date-Added = {2012-02-07 23:15:19 +0000},
	Date-Modified = {2012-02-07 23:16:42 +0000},
	Journal = {Proc Annu Symp Am Med Inform Assoc},
	Keywords = {data entry},
	Pages = {81},
	Title = {Clinical data entry},
	Year = {1998},
	Bdsk-File-1 = {YnBsaXN0MDDUAQIDBAUIJidUJHRvcFgkb2JqZWN0c1gkdmVyc2lvblkkYXJjaGl2ZXLRBgdUcm9vdIABqAkKFRYXGyIjVSRudWxs0wsMDQ4RFFpOUy5vYmplY3RzV05TLmtleXNWJGNsYXNzog8QgASABqISE4ACgAOAB1lhbGlhc0RhdGFccmVsYXRpdmVQYXRo0hgNGRpXTlMuZGF0YU8RAeoAAAAAAeoAAgAAA1VubwAAAAAAAAAAAAAAAAAAAAAAAAAAAAAAAMnQ4OlIKwAAAO2LiBdDbGluaWNhbCBEYXRhIEVudHJ5LnBkZgAAAAAAAAAAAAAAAAAAAAAAAAAAAAAAAAAAAAAAAAAAAAAAAAAAAAAA98Ray1cbHQAAAAAAAAAAAAEAAgAACSAAAAAAAAAAAAAAAAAAAAAKTGl0ZXJhdHVyZQAQAAgAAMnRGSkAAAARAAgAAMtXYW0AAAABABgA7YuIAOi6UgDEMQkAE7MeAA4NAQAODPQAAgBhVW5vOlVzZXJzOgBhcnRodXI6AERyb3Bib3g6ADFfc2hhcmU6AEJJT0lORiAzOTkwIC0gSW5kIFN0dWR5OgBMaXRlcmF0dXJlOgBDbGluaWNhbCBEYXRhIEVudHJ5LnBkZgAADgAwABcAQwBsAGkAbgBpAGMAYQBsACAARABhAHQAYQAgAEUAbgB0AHIAeQAuAHAAZABmAA8ACAADAFUAbgBvABIAV1VzZXJzL2FydGh1ci9Ecm9wYm94LzFfc2hhcmUvQklPSU5GIDM5OTAgLSBJbmQgU3R1ZHkvTGl0ZXJhdHVyZS9DbGluaWNhbCBEYXRhIEVudHJ5LnBkZgAAEwABLwAAFQACAA3//wAAgAXSHB0eH1gkY2xhc3Nlc1okY2xhc3NuYW1lox8gIV1OU011dGFibGVEYXRhVk5TRGF0YVhOU09iamVjdF8QJS4uL0xpdGVyYXR1cmUvQ2xpbmljYWwgRGF0YSBFbnRyeS5wZGbSHB0kJaIlIVxOU0RpY3Rpb25hcnkSAAGGoF8QD05TS2V5ZWRBcmNoaXZlcgAIABEAFgAfACgAMgA1ADoAPABFAEsAUgBdAGUAbABvAHEAcwB2AHgAegB8AIYAkwCYAKACjgKQApUCngKpAq0CuwLCAssC8wL4AvsDCAMNAAAAAAAAAgEAAAAAAAAAKAAAAAAAAAAAAAAAAAAAAx8=}}

@article{Powsner1994Graphical-Summa,
	Author = {Powsner, SM and Tufte, ER},
	Date-Added = {2012-02-07 23:09:50 +0000},
	Date-Modified = {2012-02-07 23:10:44 +0000},
	Journal = {The Lancet},
	Keywords = {design},
	Pages = {386-389},
	Title = {Graphical Summary of Patient Status},
	Volume = {344},
	Year = {1994}}

@article{Tang1991Physicians-work,
	Author = {Tang, PC and Annevelink, J and Fafchamps, D and Stanton, WM and Young, CY},
	Date-Added = {2012-02-07 23:08:26 +0000},
	Date-Modified = {2012-02-07 23:09:46 +0000},
	Journal = {Proc Annu Symp Comput Appl Med Care},
	Keywords = {design},
	Pages = {569-73},
	Title = {Physicians' workstations: integrated information management for clinicians},
	Year = {1991}}

@article{Nowlan1994Clinical-workst,
	Author = {Nowlan, WA},
	Date-Added = {2012-02-07 23:07:20 +0000},
	Date-Modified = {2012-02-07 23:08:21 +0000},
	Journal = {Int J Biomed Comput},
	Keywords = {design},
	Month = {January},
	Number = {1-4},
	Pages = {85-94},
	Title = {Clinical workstations: identifying clinical requirements and understanding clinical information},
	Volume = {34},
	Year = {1994}}

@article{Jaspers2002Cognitive-engin,
	Author = {Jaspers, MW and Steen, T},
	Date-Added = {2012-02-07 23:06:21 +0000},
	Date-Modified = {2012-02-07 23:07:16 +0000},
	Journal = {Stud Health Technol Inform},
	Keywords = {design},
	Pages = {123-7},
	Title = {Cognitive engineering in interface design},
	Volume = {90},
	Year = {2002}}

@article{Wachter2003The-employment-,
	Author = {Wachter, SB and Agutter, J and Syroid, N and Drews, F and Weinger, MB and Westenskow, D},
	Date-Added = {2012-02-07 23:04:43 +0000},
	Date-Modified = {2012-02-07 23:05:52 +0000},
	Journal = {J Am Med Inform Assoc},
	Keywords = {design},
	Month = {Jul-Aug},
	Number = {4},
	Pages = {363-72},
	Title = {The employment of an interative design process to develop a pulmonary graphical display},
	Volume = {10},
	Year = {2003}}

@article{Nygren1998Helping-clinici,
	Author = {Nygren, E and Wyatt, JC and Wright, P},
	Date-Added = {2012-02-07 23:03:17 +0000},
	Date-Modified = {2012-02-07 23:04:42 +0000},
	Journal = {The Lancet},
	Keywords = {design},
	Month = {October},
	Number = {9138},
	Pages = {1462-6},
	Title = {Helping clinicians to find data and avoid delays},
	Volume = {352},
	Year = {1998},
	Bdsk-File-1 = {YnBsaXN0MDDUAQIDBAUIJidUJHRvcFgkb2JqZWN0c1gkdmVyc2lvblkkYXJjaGl2ZXLRBgdUcm9vdIABqAkKFRYXGyIjVSRudWxs0wsMDQ4RFFpOUy5vYmplY3RzV05TLmtleXNWJGNsYXNzog8QgASABqISE4ACgAOAB1lhbGlhc0RhdGFccmVsYXRpdmVQYXRo0hgNGRpXTlMuZGF0YU8RAkgAAAAAAkgAAgAAA1VubwAAAAAAAAAAAAAAAAAAAAAAAAAAAAAAAMnQ4OlIKwAAAO2LiB9IZWxwaW5nIGNsaW5pY2lhbnMgIzE0Q0RCRDkucGRmAAAAAAAAAAAAAAAAAAAAAAAAAAAAAAAAAAAAAAAAAAABTNvZy6NMxAAAAAAAAAAAAAEAAgAACSAAAAAAAAAAAAAAAAAAAAAKTGl0ZXJhdHVyZQAQAAgAAMnRGSkAAAARAAgAAMujhQQAAAABABgA7YuIAOi6UgDEMQkAE7MeAA4NAQAODPQAAgBpVW5vOlVzZXJzOgBhcnRodXI6AERyb3Bib3g6ADFfc2hhcmU6AEJJT0lORiAzOTkwIC0gSW5kIFN0dWR5OgBMaXRlcmF0dXJlOgBIZWxwaW5nIGNsaW5pY2lhbnMgIzE0Q0RCRDkucGRmAAAOAGoANABIAGUAbABwAGkAbgBnACAAYwBsAGkAbgBpAGMAaQBhAG4AcwAgAHQAbwAgAGYAaQBuAGQAIABkAGEAdABhACAAYQBuAGQAIABhAHYAbwBpAGQAIABkAGUAbABhAHkAcwAuAHAAZABmAA8ACAADAFUAbgBvABIAdFVzZXJzL2FydGh1ci9Ecm9wYm94LzFfc2hhcmUvQklPSU5GIDM5OTAgLSBJbmQgU3R1ZHkvTGl0ZXJhdHVyZS9IZWxwaW5nIGNsaW5pY2lhbnMgdG8gZmluZCBkYXRhIGFuZCBhdm9pZCBkZWxheXMucGRmABMAAS8AABUAAgAN//8AAIAF0hwdHh9YJGNsYXNzZXNaJGNsYXNzbmFtZaMfICFdTlNNdXRhYmxlRGF0YVZOU0RhdGFYTlNPYmplY3RfEEIuLi9MaXRlcmF0dXJlL0hlbHBpbmcgY2xpbmljaWFucyB0byBmaW5kIGRhdGEgYW5kIGF2b2lkIGRlbGF5cy5wZGbSHB0kJaIlIVxOU0RpY3Rpb25hcnkSAAGGoF8QD05TS2V5ZWRBcmNoaXZlcgAIABEAFgAfACgAMgA1ADoAPABFAEsAUgBdAGUAbABvAHEAcwB2AHgAegB8AIYAkwCYAKAC7ALuAvMC/AMHAwsDGQMgAykDbgNzA3YDgwOIAAAAAAAAAgEAAAAAAAAAKAAAAAAAAAAAAAAAAAAAA5o=}}

@article{Vikram2009Decision-suppor,
	Author = {Vikram, K and Karjodkar, FR},
	Date-Added = {2012-02-07 22:57:43 +0000},
	Date-Modified = {2012-02-07 22:59:01 +0000},
	Journal = {J Evid Based Dent Pract},
	Keywords = {decision-support dentistry},
	Month = {June},
	Number = {2},
	Pages = {73-6},
	Title = {Decision support systems in dential decision making: an introduction.},
	Volume = {9},
	Year = {2009}}

@article{Mendonca2004Clinical-decisi,
	Author = {Mendonca, EA},
	Date-Added = {2012-02-07 22:56:52 +0000},
	Date-Modified = {2012-02-07 23:02:14 +0000},
	Journal = {J Dent Educ},
	Keywords = {decision-support dentistry},
	Month = {June},
	Number = {6},
	Pages = {589-97},
	Title = {Clinical decision support systems: perspectives in dentistry},
	Volume = {68},
	Year = {2004},
	Bdsk-File-1 = {YnBsaXN0MDDUAQIDBAUIJidUJHRvcFgkb2JqZWN0c1gkdmVyc2lvblkkYXJjaGl2ZXLRBgdUcm9vdIABqAkKFRYXGyIjVSRudWxs0wsMDQ4RFFpOUy5vYmplY3RzV05TLmtleXNWJGNsYXNzog8QgASABqISE4ACgAOAB1lhbGlhc0RhdGFccmVsYXRpdmVQYXRo0hgNGRpXTlMuZGF0YU8RAmoAAAAAAmoAAgAAA1VubwAAAAAAAAAAAAAAAAAAAAAAAAAAAAAAAMnQ4OlIKwAAAO2LiB9DbGluaWNhbCBkZWNpc2lvbiBzdSNGN0JCREUucGRmAAAAAAAAAAAAAAAAAAAAAAAAAAAAAAAAAAAAAAAAAAAA97vey1cXjwAAAAAAAAAAAAEAAgAACSAAAAAAAAAAAAAAAAAAAAAKTGl0ZXJhdHVyZQAQAAgAAMnRGSkAAAARAAgAAMtXXd8AAAABABgA7YuIAOi6UgDEMQkAE7MeAA4NAQAODPQAAgBpVW5vOlVzZXJzOgBhcnRodXI6AERyb3Bib3g6ADFfc2hhcmU6AEJJT0lORiAzOTkwIC0gSW5kIFN0dWR5OgBMaXRlcmF0dXJlOgBDbGluaWNhbCBkZWNpc2lvbiBzdSNGN0JCREUucGRmAAAOAIAAPwBDAGwAaQBuAGkAYwBhAGwAIABkAGUAYwBpAHMAaQBvAG4AIABzAHUAcABwAG8AcgB0ACAAcwB5AHMAdABlAG0AcwAgAHAAZQByAHMAcABlAGMAdABpAHYAZQBzACAAaQBuACAAZABlAG4AdABpAHMAdAByAHkALgBwAGQAZgAPAAgAAwBVAG4AbwASAH9Vc2Vycy9hcnRodXIvRHJvcGJveC8xX3NoYXJlL0JJT0lORiAzOTkwIC0gSW5kIFN0dWR5L0xpdGVyYXR1cmUvQ2xpbmljYWwgZGVjaXNpb24gc3VwcG9ydCBzeXN0ZW1zIHBlcnNwZWN0aXZlcyBpbiBkZW50aXN0cnkucGRmAAATAAEvAAAVAAIADf//AACABdIcHR4fWCRjbGFzc2VzWiRjbGFzc25hbWWjHyAhXU5TTXV0YWJsZURhdGFWTlNEYXRhWE5TT2JqZWN0XxBNLi4vTGl0ZXJhdHVyZS9DbGluaWNhbCBkZWNpc2lvbiBzdXBwb3J0IHN5c3RlbXMgcGVyc3BlY3RpdmVzIGluIGRlbnRpc3RyeS5wZGbSHB0kJaIlIVxOU0RpY3Rpb25hcnkSAAGGoF8QD05TS2V5ZWRBcmNoaXZlcgAIABEAFgAfACgAMgA1ADoAPABFAEsAUgBdAGUAbABvAHEAcwB2AHgAegB8AIYAkwCYAKADDgMQAxUDHgMpAy0DOwNCA0sDmwOgA6MDsAO1AAAAAAAAAgEAAAAAAAAAKAAAAAAAAAAAAAAAAAAAA8c=}}

@article{White1999Decision-suppor,
	Author = {White, SC},
	Date-Added = {2012-02-07 22:56:05 +0000},
	Date-Modified = {2012-02-07 22:56:47 +0000},
	Journal = {Dentomaxillofac radiol},
	Keywords = {decision-support dentistry},
	Number = {1},
	Pages = {59-60},
	Title = {Decision support systems in dentistry},
	Volume = {28},
	Year = {1999}}

@article{Shachak2009Primary-care-ph,
	Author = {Shachak, A and Hadas-Dayagi, M and Ziv, A and Reis, S},
	Date-Added = {2012-02-07 22:54:42 +0000},
	Date-Modified = {2012-02-07 22:55:38 +0000},
	Journal = {J Gen Intern Med},
	Keywords = {cognitive task analysis},
	Month = {March},
	Number = {3},
	Pages = {341-8},
	Title = {Primary care physicians' use of an electronic medical record system: a cognitive task analysis},
	Volume = {24},
	Year = {2009}}

@article{Baxter2005Using-cognitive,
	Author = {Baxter, GD and Monk, AF and Tan, K and Dear, PR and Newell SJ},
	Date-Added = {2012-02-07 22:53:28 +0000},
	Date-Modified = {2012-02-07 22:54:35 +0000},
	Journal = {Artif Intell Med},
	Keywords = {cognitive task analysis},
	Month = {November},
	Number = {3},
	Pages = {243-57},
	Title = {Using cognitive task analysis to facilitate the integration of decision support systems into the neontal intensive care unit},
	Volume = {35},
	Year = {2005}}

@article{Crowley2003Development-of-,
	Author = {Crowley, RS and Naus, GJ and Stewart, J and Friedman, CP},
	Date-Added = {2012-02-07 22:52:12 +0000},
	Date-Modified = {2012-02-07 22:53:23 +0000},
	Journal = {J Am Med Inform Assoc},
	Keywords = {cognitive task analysis},
	Month = {Jan-Feb},
	Number = {1},
	Pages = {39-51},
	Title = {Development of visual diagnostic expertise in pathology -- an information-processing study},
	Volume = {10},
	Year = {2003}}

@article{Nygren1992Reading-the-med,
	Author = {Nygren, E and Henriksson, P},
	Date-Added = {2012-02-07 22:50:33 +0000},
	Date-Modified = {2012-02-07 22:52:05 +0000},
	Journal = {Comput Methods Programs Biomed},
	Keywords = {cognitive task analysis},
	Month = {September-October},
	Number = {1-2},
	Pages = {1-12},
	Title = {Reading the medical record. Analysis of physicians' ways of reading the medical record.},
	Volume = {39},
	Year = {1992}}

@article{Jaspers2004The-think-aloud,
	Author = {Jaspers, MW and Steen, T and van den Bos, C and Geenen, M},
	Date-Added = {2012-02-07 22:48:56 +0000},
	Date-Modified = {2012-02-07 22:50:06 +0000},
	Journal = {Int J Med Inform},
	Keywords = {cognitive task analysis},
	Month = {November},
	Number = {11-12},
	Pages = {781-95},
	Title = {The think aloud method: a guide to user interface design},
	Volume = {73},
	Year = {2004}}

@article{Lanning2005Variation-in-pe,
	Author = {Lanning, SK and Pelok, SD and Williams, BC and Richards, PS and Sarment, DP and Oh, TJ},
	Date-Added = {2012-02-07 22:42:15 +0000},
	Date-Modified = {2012-02-07 22:48:20 +0000},
	Journal = {J Dent Educ},
	Keywords = {decision making},
	Month = {March},
	Number = {3},
	Pages = {325-37},
	Title = {Variation in periodontal diagnosis and treatment planning among clinical instructors},
	Volume = {69},
	Year = {2005}}

@article{Kawahata2005A-measure-of-ag,
	Author = {Kawahata, N and MacEntee, MI},
	Date-Added = {2012-02-07 22:41:11 +0000},
	Date-Modified = {2012-02-07 22:48:20 +0000},
	Journal = {J Dent Educ},
	Keywords = {decision making},
	Month = {September},
	Number = {9},
	Pages = {1031-7},
	Title = {A measure of agreement between clinicians and a computer-based decision support system for planning dental treatment},
	Volume = {66},
	Year = {2002}}

@article{Anusavice2001Clinical-decisi,
	Author = {Anusavice, K},
	Date-Added = {2012-02-07 22:40:03 +0000},
	Date-Modified = {2012-02-07 22:48:20 +0000},
	Journal = {J Dent Educ},
	Keywords = {decision making},
	Month = {October},
	Number = {10},
	Pages = {1143-6},
	Title = {Clinical decision-making for coronal caries managment in the permanent dentition},
	Volume = {65},
	Year = {2001}}

@article{Schleyer1999Clinical-decisi,
	Author = {Schleyer, TK},
	Date-Added = {2012-02-07 22:39:23 +0000},
	Date-Modified = {2012-02-07 22:48:20 +0000},
	Journal = {J Am Coll Dent},
	Keywords = {decision making},
	Number = {2},
	Pages = {29-39},
	Title = {Clinical decision-making and the Internet},
	Volume = {66},
	Year = {1999}}

@article{Kay1992Restorative-tre,
	Author = {Kay, EJ and Nuttall, NM and Knill-Jones, R},
	Date-Added = {2012-02-07 22:36:33 +0000},
	Date-Modified = {2012-02-07 22:48:20 +0000},
	Journal = {Community Dent Oral Epidemiol},
	Keywords = {decision making},
	Number = {5},
	Pages = {265-8},
	Title = {Restorative treatment thresholds and agreement in treatment decision-making},
	Volume = {20},
	Year = {1992}}

@article{Maupome2010Diagnostic-thin,
	Author = {Maupom{\'e}, G and Schrader, S and Mannan, S and Garetto, L and Eggertsson, H},
	Date-Added = {2012-02-07 22:34:28 +0000},
	Date-Modified = {2012-02-07 22:48:20 +0000},
	Journal = {BMC Oral Health},
	Keywords = {decision making},
	Pages = {11},
	Title = {Diagnostic thinking and information used in clinical decision-making: a qualitative study of expert and student dental clinicians.},
	Volume = {10},
	Year = {2010},
	Bdsk-File-1 = {YnBsaXN0MDDUAQIDBAUIJidUJHRvcFgkb2JqZWN0c1gkdmVyc2lvblkkYXJjaGl2ZXLRBgdUcm9vdIABqAkKFRYXGyIjVSRudWxs0wsMDQ4RFFpOUy5vYmplY3RzV05TLmtleXNWJGNsYXNzog8QgASABqISE4ACgAOAB1lhbGlhc0RhdGFccmVsYXRpdmVQYXRo0hgNGRpXTlMuZGF0YU8RAoQAAAAAAoQAAgAAA1VubwAAAAAAAAAAAAAAAAAAAAAAAAAAAAAAAMnQ4OlIKwAAAO2LiB9EaWFnbm9zdGljIHRoaW5raW5nICNGN0JBQjAucGRmAAAAAAAAAAAAAAAAAAAAAAAAAAAAAAAAAAAAAAAAAAAA97qwy1cXLgAAAAAAAAAAAAEAAgAACSAAAAAAAAAAAAAAAAAAAAAKTGl0ZXJhdHVyZQAQAAgAAMnRGSkAAAARAAgAAMtXXX4AAAABABgA7YuIAOi6UgDEMQkAE7MeAA4NAQAODPQAAgBpVW5vOlVzZXJzOgBhcnRodXI6AERyb3Bib3g6ADFfc2hhcmU6AEJJT0lORiAzOTkwIC0gSW5kIFN0dWR5OgBMaXRlcmF0dXJlOgBEaWFnbm9zdGljIHRoaW5raW5nICNGN0JBQjAucGRmAAAOAJIASABEAGkAYQBnAG4AbwBzAHQAaQBjACAAdABoAGkAbgBrAGkAbgBnACAAYQBuAGQAIABpAG4AZgBvAHIAbQBhAHQAaQBvAG4AIAB1AHMAZQBkACAAaQBuACAAYwBsAGkAbgBpAGMAYQBsACAAZABlAGMAaQBzAGkAbwBuAC0AbQBhAGsAaQBuAGcALgBwAGQAZgAPAAgAAwBVAG4AbwASAIhVc2Vycy9hcnRodXIvRHJvcGJveC8xX3NoYXJlL0JJT0lORiAzOTkwIC0gSW5kIFN0dWR5L0xpdGVyYXR1cmUvRGlhZ25vc3RpYyB0aGlua2luZyBhbmQgaW5mb3JtYXRpb24gdXNlZCBpbiBjbGluaWNhbCBkZWNpc2lvbi1tYWtpbmcucGRmABMAAS8AABUAAgAN//8AAIAF0hwdHh9YJGNsYXNzZXNaJGNsYXNzbmFtZaMfICFdTlNNdXRhYmxlRGF0YVZOU0RhdGFYTlNPYmplY3RfEFYuLi9MaXRlcmF0dXJlL0RpYWdub3N0aWMgdGhpbmtpbmcgYW5kIGluZm9ybWF0aW9uIHVzZWQgaW4gY2xpbmljYWwgZGVjaXNpb24tbWFraW5nLnBkZtIcHSQloiUhXE5TRGljdGlvbmFyeRIAAYagXxAPTlNLZXllZEFyY2hpdmVyAAgAEQAWAB8AKAAyADUAOgA8AEUASwBSAF0AZQBsAG8AcQBzAHYAeAB6AHwAhgCTAJgAoAMoAyoDLwM4A0MDRwNVA1wDZQO+A8MDxgPTA9gAAAAAAAACAQAAAAAAAAAoAAAAAAAAAAAAAAAAAAAD6g==}}

@article{Crespo2004Reasoning-proce,
	Author = {Crespo, KE and Torres, JE and Recio, ME},
	Date-Added = {2012-02-07 22:30:37 +0000},
	Date-Modified = {2012-02-07 22:48:20 +0000},
	Journal = {J Dent Educ},
	Keywords = {decision making},
	Month = {December},
	Number = {12},
	Pages = {1235-44},
	Title = {Reasoning process characteristics in the diagnostic skills of beginner, competent and expert dentists},
	Volume = {68},
	Year = {2004},
	Bdsk-File-1 = {YnBsaXN0MDDUAQIDBAUIJidUJHRvcFgkb2JqZWN0c1gkdmVyc2lvblkkYXJjaGl2ZXLRBgdUcm9vdIABqAkKFRYXGyIjVSRudWxs0wsMDQ4RFFpOUy5vYmplY3RzV05TLmtleXNWJGNsYXNzog8QgASABqISE4ACgAOAB1lhbGlhc0RhdGFccmVsYXRpdmVQYXRo0hgNGRpXTlMuZGF0YU8RAuoAAAAAAuoAAgAAA1VubwAAAAAAAAAAAAAAAAAAAAAAAAAAAAAAAMnQ4OlIKwAAAO2LiB9SZWFzb25pbmcgUHJvY2VzcyBDaCNFRDlGRUUucGRmAAAAAAAAAAAAAAAAAAAAAAAAAAAAAAAAAAAAAAAAAAAA7Z/uy08JNgAAAAAAAAAAAAEAAgAACSAAAAAAAAAAAAAAAAAAAAAKTGl0ZXJhdHVyZQAQAAgAAMnRGSkAAAARAAgAAMtPT4YAAAABABgA7YuIAOi6UgDEMQkAE7MeAA4NAQAODPQAAgBpVW5vOlVzZXJzOgBhcnRodXI6AERyb3Bib3g6ADFfc2hhcmU6AEJJT0lORiAzOTkwIC0gSW5kIFN0dWR5OgBMaXRlcmF0dXJlOgBSZWFzb25pbmcgUHJvY2VzcyBDaCNFRDlGRUUucGRmAAAOANYAagBSAGUAYQBzAG8AbgBpAG4AZwAgAFAAcgBvAGMAZQBzAHMAIABDAGgAYQByAGEAYwB0AGUAcgBpAHMAdABpAGMAcwAgAGkAbgAgAHQAaABlACAARABpAGEAZwBuAG8AcwB0AGkAYwAgAFMAawBpAGwAbABzACAAbwBmACAAQgBlAGcAaQBuAG4AZQByACwAIABDAG8AbQBwAGUAdABlAG4AdAAsACAAYQBuAGQAIABFAHgAcABlAHIAdAAgAEQAZQBuAHQAaQBzAHQAcwAuAHAAZABmAA8ACAADAFUAbgBvABIAqlVzZXJzL2FydGh1ci9Ecm9wYm94LzFfc2hhcmUvQklPSU5GIDM5OTAgLSBJbmQgU3R1ZHkvTGl0ZXJhdHVyZS9SZWFzb25pbmcgUHJvY2VzcyBDaGFyYWN0ZXJpc3RpY3MgaW4gdGhlIERpYWdub3N0aWMgU2tpbGxzIG9mIEJlZ2lubmVyLCBDb21wZXRlbnQsIGFuZCBFeHBlcnQgRGVudGlzdHMucGRmABMAAS8AABUAAgAN//8AAIAF0hwdHh9YJGNsYXNzZXNaJGNsYXNzbmFtZaMfICFdTlNNdXRhYmxlRGF0YVZOU0RhdGFYTlNPYmplY3RfEHguLi9MaXRlcmF0dXJlL1JlYXNvbmluZyBQcm9jZXNzIENoYXJhY3RlcmlzdGljcyBpbiB0aGUgRGlhZ25vc3RpYyBTa2lsbHMgb2YgQmVnaW5uZXIsIENvbXBldGVudCwgYW5kIEV4cGVydCBEZW50aXN0cy5wZGbSHB0kJaIlIVxOU0RpY3Rpb25hcnkSAAGGoF8QD05TS2V5ZWRBcmNoaXZlcgAIABEAFgAfACgAMgA1ADoAPABFAEsAUgBdAGUAbABvAHEAcwB2AHgAegB8AIYAkwCYAKADjgOQA5UDngOpA60DuwPCA8sERgRLBE4EWwRgAAAAAAAAAgEAAAAAAAAAKAAAAAAAAAAAAAAAAAAABHI=}}

@article{Ledley1959Reasoning-found,
	Author = {Ledley, RS and Lusted, LB},
	Date-Added = {2012-02-07 22:28:44 +0000},
	Date-Modified = {2012-02-07 22:48:20 +0000},
	Journal = {Science},
	Keywords = {decision making},
	Month = {July},
	Number = {3366},
	Pages = {9-21},
	Title = {Reasoning foundations of medical diagnosis; symbolic logic, probability and value theory aid our understanding of how physicians reason},
	Volume = {130},
	Year = {1959},
	Bdsk-File-1 = {YnBsaXN0MDDUAQIDBAUIJidUJHRvcFgkb2JqZWN0c1gkdmVyc2lvblkkYXJjaGl2ZXLRBgdUcm9vdIABqAkKFRYXGyIjVSRudWxs0wsMDQ4RFFpOUy5vYmplY3RzV05TLmtleXNWJGNsYXNzog8QgASABqISE4ACgAOAB1lhbGlhc0RhdGFccmVsYXRpdmVQYXRo0hgNGRpXTlMuZGF0YU8RAjYAAAAAAjYAAgAAA1VubwAAAAAAAAAAAAAAAAAAAAAAAAAAAAAAAMnQ4OlIKwAAAO2LiB9SZWFzb25pbmcgZm91bmRhdGlvbiNFRDk1QTEucGRmAAAAAAAAAAAAAAAAAAAAAAAAAAAAAAAAAAAAAAAAAAAA7ZWhy08IpgAAAAAAAAAAAAEAAgAACSAAAAAAAAAAAAAAAAAAAAAKTGl0ZXJhdHVyZQAQAAgAAMnRGSkAAAARAAgAAMtPTvYAAAABABgA7YuIAOi6UgDEMQkAE7MeAA4NAQAODPQAAgBpVW5vOlVzZXJzOgBhcnRodXI6AERyb3Bib3g6ADFfc2hhcmU6AEJJT0lORiAzOTkwIC0gSW5kIFN0dWR5OgBMaXRlcmF0dXJlOgBSZWFzb25pbmcgZm91bmRhdGlvbiNFRDk1QTEucGRmAAAOAF4ALgBSAGUAYQBzAG8AbgBpAG4AZwAgAGYAbwB1AG4AZABhAHQAaQBvAG4AcwAgAG8AZgAgAG0AZQBkAGkAYwBhAGwAIABkAGkAYQBnAG4AbwBzAGkAcwAuAHAAZABmAA8ACAADAFUAbgBvABIAblVzZXJzL2FydGh1ci9Ecm9wYm94LzFfc2hhcmUvQklPSU5GIDM5OTAgLSBJbmQgU3R1ZHkvTGl0ZXJhdHVyZS9SZWFzb25pbmcgZm91bmRhdGlvbnMgb2YgbWVkaWNhbCBkaWFnbm9zaXMucGRmABMAAS8AABUAAgAN//8AAIAF0hwdHh9YJGNsYXNzZXNaJGNsYXNzbmFtZaMfICFdTlNNdXRhYmxlRGF0YVZOU0RhdGFYTlNPYmplY3RfEDwuLi9MaXRlcmF0dXJlL1JlYXNvbmluZyBmb3VuZGF0aW9ucyBvZiBtZWRpY2FsIGRpYWdub3Npcy5wZGbSHB0kJaIlIVxOU0RpY3Rpb25hcnkSAAGGoF8QD05TS2V5ZWRBcmNoaXZlcgAIABEAFgAfACgAMgA1ADoAPABFAEsAUgBdAGUAbABvAHEAcwB2AHgAegB8AIYAkwCYAKAC2gLcAuEC6gL1AvkDBwMOAxcDVgNbA14DawNwAAAAAAAAAgEAAAAAAAAAKAAAAAAAAAAAAAAAAAAAA4I=}}

@article{Gordan2010Restorative-Tre,
	Author = {Gordan, VV and Bader, JD and Garvan, CW and Richman, JS and Qvist, V and Fellows, JL and Rindal, DB and Gilbert, GH},
	Date-Added = {2012-02-07 22:25:07 +0000},
	Date-Modified = {2012-02-07 22:48:03 +0000},
	Journal = {J Am Dent Assoc},
	Keywords = {decision making},
	Month = {May},
	Number = {2},
	Pages = {171-84},
	Title = {Restorative treatment thresholds for occlusal primary caries among dentists in the dental Practice-Based Research Network},
	Volume = {141},
	Year = {2010},
	Bdsk-File-1 = {YnBsaXN0MDDUAQIDBAUIJidUJHRvcFgkb2JqZWN0c1gkdmVyc2lvblkkYXJjaGl2ZXLRBgdUcm9vdIABqAkKFRYXGyIjVSRudWxs0wsMDQ4RFFpOUy5vYmplY3RzV05TLmtleXNWJGNsYXNzog8QgASABqISE4ACgAOAB1lhbGlhc0RhdGFccmVsYXRpdmVQYXRo0hgNGRpXTlMuZGF0YU8RAmQAAAAAAmQAAgAAA1VubwAAAAAAAAAAAAAAAAAAAAAAAAAAAAAAAMnQ4OlIKwAAAO2LiB9SZXN0b3JhdGl2ZSBUcmVhdG1lbiNFRDkxRTcucGRmAAAAAAAAAAAAAAAAAAAAAAAAAAAAAAAAAAAAAAAAAAAA7ZHny08H3gAAAAAAAAAAAAEAAgAACSAAAAAAAAAAAAAAAAAAAAAKTGl0ZXJhdHVyZQAQAAgAAMnRGSkAAAARAAgAAMtPTi4AAAABABgA7YuIAOi6UgDEMQkAE7MeAA4NAQAODPQAAgBpVW5vOlVzZXJzOgBhcnRodXI6AERyb3Bib3g6ADFfc2hhcmU6AEJJT0lORiAzOTkwIC0gSW5kIFN0dWR5OgBMaXRlcmF0dXJlOgBSZXN0b3JhdGl2ZSBUcmVhdG1lbiNFRDkxRTcucGRmAAAOAHwAPQBSAGUAcwB0AG8AcgBhAHQAaQB2AGUAIABUAHIAZQBhAHQAbQBlAG4AdAAgAFQAaAByAGUAcwBoAG8AbABkAHMAIABmAG8AcgAgAE8AYwBjAGwAdQBzAGEAbAAgAFAAcgBpAG0AIABDAGEAcgBpAGUAcwAuAHAAZABmAA8ACAADAFUAbgBvABIAfVVzZXJzL2FydGh1ci9Ecm9wYm94LzFfc2hhcmUvQklPSU5GIDM5OTAgLSBJbmQgU3R1ZHkvTGl0ZXJhdHVyZS9SZXN0b3JhdGl2ZSBUcmVhdG1lbnQgVGhyZXNob2xkcyBmb3IgT2NjbHVzYWwgUHJpbSBDYXJpZXMucGRmAAATAAEvAAAVAAIADf//AACABdIcHR4fWCRjbGFzc2VzWiRjbGFzc25hbWWjHyAhXU5TTXV0YWJsZURhdGFWTlNEYXRhWE5TT2JqZWN0XxBLLi4vTGl0ZXJhdHVyZS9SZXN0b3JhdGl2ZSBUcmVhdG1lbnQgVGhyZXNob2xkcyBmb3IgT2NjbHVzYWwgUHJpbSBDYXJpZXMucGRm0hwdJCWiJSFcTlNEaWN0aW9uYXJ5EgABhqBfEA9OU0tleWVkQXJjaGl2ZXIACAARABYAHwAoADIANQA6ADwARQBLAFIAXQBlAGwAbwBxAHMAdgB4AHoAfACGAJMAmACgAwgDCgMPAxgDIwMnAzUDPANFA5MDmAObA6gDrQAAAAAAAAIBAAAAAAAAACgAAAAAAAAAAAAAAAAAAAO/}}

@article{Zadik2008Clinical-decisi,
	Author = {Zadik, Y and Levin, L},
	Date-Added = {2012-02-07 22:24:16 +0000},
	Date-Modified = {2012-02-07 22:48:20 +0000},
	Journal = {J Dent Educ},
	Keywords = {decision making},
	Month = {January},
	Number = {1},
	Pages = {81-6},
	Title = {Clinical decision making in restorative dentistry, endodontics, and antibiotic prescription},
	Volume = {72},
	Year = {2008},
	Bdsk-File-1 = {YnBsaXN0MDDUAQIDBAUIJidUJHRvcFgkb2JqZWN0c1gkdmVyc2lvblkkYXJjaGl2ZXLRBgdUcm9vdIABqAkKFRYXGyIjVSRudWxs0wsMDQ4RFFpOUy5vYmplY3RzV05TLmtleXNWJGNsYXNzog8QgASABqISE4ACgAOAB1lhbGlhc0RhdGFccmVsYXRpdmVQYXRo0hgNGRpXTlMuZGF0YU8RAsoAAAAAAsoAAgAAA1VubwAAAAAAAAAAAAAAAAAAAAAAAAAAAAAAAMnQ4OlIKwAAAO2LiB9DbGluaWNhbCBEZWNpc2lvbiBNYSNFRDhGMzEucGRmAAAAAAAAAAAAAAAAAAAAAAAAAAAAAAAAAAAAAAAAAAAA7Y8xy08HhgAAAAAAAAAAAAEAAgAACSAAAAAAAAAAAAAAAAAAAAAKTGl0ZXJhdHVyZQAQAAgAAMnRGSkAAAARAAgAAMtPTdYAAAABABgA7YuIAOi6UgDEMQkAE7MeAA4NAQAODPQAAgBpVW5vOlVzZXJzOgBhcnRodXI6AERyb3Bib3g6ADFfc2hhcmU6AEJJT0lORiAzOTkwIC0gSW5kIFN0dWR5OgBMaXRlcmF0dXJlOgBDbGluaWNhbCBEZWNpc2lvbiBNYSNFRDhGMzEucGRmAAAOAMAAXwBDAGwAaQBuAGkAYwBhAGwAIABEAGUAYwBpAHMAaQBvAG4AIABNAGEAawBpAG4AZwAgAGkAbgAgAFIAZQBzAHQAbwByAGEAdABpAHYAZQAgAEQAZQBuAHQAaQBzAHQAcgB5ACwAIABFAG4AZABvAGQAbwBuAHQAaQBjAHMALAAgAGEAbgBkACAAQQBuAHQAaQBiAGkAbwB0AGkAYwAgAFAAcgBlAHMAYwByAGkAcAB0AGkAbwBuAC4AcABkAGYADwAIAAMAVQBuAG8AEgCfVXNlcnMvYXJ0aHVyL0Ryb3Bib3gvMV9zaGFyZS9CSU9JTkYgMzk5MCAtIEluZCBTdHVkeS9MaXRlcmF0dXJlL0NsaW5pY2FsIERlY2lzaW9uIE1ha2luZyBpbiBSZXN0b3JhdGl2ZSBEZW50aXN0cnksIEVuZG9kb250aWNzLCBhbmQgQW50aWJpb3RpYyBQcmVzY3JpcHRpb24ucGRmAAATAAEvAAAVAAIADf//AACABdIcHR4fWCRjbGFzc2VzWiRjbGFzc25hbWWjHyAhXU5TTXV0YWJsZURhdGFWTlNEYXRhWE5TT2JqZWN0XxBtLi4vTGl0ZXJhdHVyZS9DbGluaWNhbCBEZWNpc2lvbiBNYWtpbmcgaW4gUmVzdG9yYXRpdmUgRGVudGlzdHJ5LCBFbmRvZG9udGljcywgYW5kIEFudGliaW90aWMgUHJlc2NyaXB0aW9uLnBkZtIcHSQloiUhXE5TRGljdGlvbmFyeRIAAYagXxAPTlNLZXllZEFyY2hpdmVyAAgAEQAWAB8AKAAyADUAOgA8AEUASwBSAF0AZQBsAG8AcQBzAHYAeAB6AHwAhgCTAJgAoANuA3ADdQN+A4kDjQObA6IDqwQbBCAEIwQwBDUAAAAAAAACAQAAAAAAAAAoAAAAAAAAAAAAAAAAAAAERw==}}

@article{Bader1997What-do-we-know,
	Author = {Bader, JD and Shugars, DA},
	Date-Added = {2012-02-07 22:21:14 +0000},
	Date-Modified = {2012-02-07 22:48:20 +0000},
	Journal = {Community Dent Oral Epidemiol},
	Keywords = {decision making},
	Number = {1},
	Pages = {97-103},
	Title = {What do we know about how dentists make caries-related treatment decisions?},
	Volume = {25},
	Year = {1997}}

@article{Maupome2000Clinical-decisi,
	Author = {Maupom{\'e}, G and Sheiham, A},
	Date-Added = {2012-02-07 21:27:47 +0000},
	Date-Modified = {2012-02-07 22:23:47 +0000},
	Journal = {Eur J Dent Educ},
	Keywords = {decision making},
	Month = {Nov},
	Number = {4},
	Pages = {143-52},
	Title = {Clinical decision-making in restorative dentistry. Content-analysis of diagnostic thinking processes and concurrent concepts used in an educational environment},
	Volume = {4},
	Year = {2000},
	Bdsk-File-1 = {YnBsaXN0MDDUAQIDBAUIJidUJHRvcFgkb2JqZWN0c1gkdmVyc2lvblkkYXJjaGl2ZXLRBgdUcm9vdIABqAkKFRYXGyIjVSRudWxs0wsMDQ4RFFpOUy5vYmplY3RzV05TLmtleXNWJGNsYXNzog8QgASABqISE4ACgAOAB1lhbGlhc0RhdGFccmVsYXRpdmVQYXRo0hgNGRpXTlMuZGF0YU8RAkgAAAAAAkgAAgAAA1VubwAAAAAAAAAAAAAAAAAAAAAAAAAAAAAAAMnQ4OlIKwAAAO2LiB9DbGluaWNhbCBkZWNpc2lvbi1tYSNFRDk5NEEucGRmAAAAAAAAAAAAAAAAAAAAAAAAAAAAAAAAAAAAAAAAAAAA7ZlKy08I5gAAAAAAAAAAAAEAAgAACSAAAAAAAAAAAAAAAAAAAAAKTGl0ZXJhdHVyZQAQAAgAAMnRGSkAAAARAAgAAMtPTzYAAAABABgA7YuIAOi6UgDEMQkAE7MeAA4NAQAODPQAAgBpVW5vOlVzZXJzOgBhcnRodXI6AERyb3Bib3g6ADFfc2hhcmU6AEJJT0lORiAzOTkwIC0gSW5kIFN0dWR5OgBMaXRlcmF0dXJlOgBDbGluaWNhbCBkZWNpc2lvbi1tYSNFRDk5NEEucGRmAAAOAGoANABDAGwAaQBuAGkAYwBhAGwAIABkAGUAYwBpAHMAaQBvAG4ALQBtAGEAawBpAG4AZwAgAGkAbgAgAHIAZQBzAHQAbwByAGEAdABpAHYAZQAgAGQAZQBuAHQAaQBzAHQAcgAuAHAAZABmAA8ACAADAFUAbgBvABIAdFVzZXJzL2FydGh1ci9Ecm9wYm94LzFfc2hhcmUvQklPSU5GIDM5OTAgLSBJbmQgU3R1ZHkvTGl0ZXJhdHVyZS9DbGluaWNhbCBkZWNpc2lvbi1tYWtpbmcgaW4gcmVzdG9yYXRpdmUgZGVudGlzdHIucGRmABMAAS8AABUAAgAN//8AAIAF0hwdHh9YJGNsYXNzZXNaJGNsYXNzbmFtZaMfICFdTlNNdXRhYmxlRGF0YVZOU0RhdGFYTlNPYmplY3RfEEIuLi9MaXRlcmF0dXJlL0NsaW5pY2FsIGRlY2lzaW9uLW1ha2luZyBpbiByZXN0b3JhdGl2ZSBkZW50aXN0ci5wZGbSHB0kJaIlIVxOU0RpY3Rpb25hcnkSAAGGoF8QD05TS2V5ZWRBcmNoaXZlcgAIABEAFgAfACgAMgA1ADoAPABFAEsAUgBdAGUAbABvAHEAcwB2AHgAegB8AIYAkwCYAKAC7ALuAvMC/AMHAwsDGQMgAykDbgNzA3YDgwOIAAAAAAAAAgEAAAAAAAAAKAAAAAAAAAAAAAAAAAAAA5o=}}

@article{Conley2011Effective-Surgi,
	Author = {Conley, DM and Singer, SJ and Edmondson, L and Berry, WR and Gawande, AA},
	Date-Added = {2012-02-07 21:23:32 +0000},
	Date-Modified = {2012-02-07 22:38:44 +0000},
	Journal = {J Am Coll Surg},
	Keywords = {checklist},
	Month = {May},
	Number = {5},
	Pages = {873-79},
	Title = {Effective surgical safety checklist implementation},
	Volume = {212},
	Year = {2011},
	Bdsk-File-1 = {YnBsaXN0MDDUAQIDBAUIJidUJHRvcFgkb2JqZWN0c1gkdmVyc2lvblkkYXJjaGl2ZXLRBgdUcm9vdIABqAkKFRYXGyIjVSRudWxs0wsMDQ4RFFpOUy5vYmplY3RzV05TLmtleXNWJGNsYXNzog8QgASABqISE4ACgAOAB1lhbGlhc0RhdGFccmVsYXRpdmVQYXRo0hgNGRpXTlMuZGF0YU8RAk4AAAAAAk4AAgAAA1VubwAAAAAAAAAAAAAAAAAAAAAAAAAAAAAAAMnQ4OlIKwAAAO2LiB9FZmZlY3RpdmUgU3VyZ2ljYWwgUyNFRDhCNjcucGRmAAAAAAAAAAAAAAAAAAAAAAAAAAAAAAAAAAAAAAAAAAAA7Ytny08GaQAAAAAAAAAAAAEAAgAACSAAAAAAAAAAAAAAAAAAAAAKTGl0ZXJhdHVyZQAQAAgAAMnRGSkAAAARAAgAAMtPTLkAAAABABgA7YuIAOi6UgDEMQkAE7MeAA4NAQAODPQAAgBpVW5vOlVzZXJzOgBhcnRodXI6AERyb3Bib3g6ADFfc2hhcmU6AEJJT0lORiAzOTkwIC0gSW5kIFN0dWR5OgBMaXRlcmF0dXJlOgBFZmZlY3RpdmUgU3VyZ2ljYWwgUyNFRDhCNjcucGRmAAAOAG4ANgBFAGYAZgBlAGMAdABpAHYAZQAgAFMAdQByAGcAaQBjAGEAbAAgAFMAYQBmAGUAdAB5ACAAQwBoAGUAYwBrAGwAaQBzAHQAIABJAG0AcABsAGUAbQBlAG4AdABhAHQAaQBvAG4ALgBwAGQAZgAPAAgAAwBVAG4AbwASAHZVc2Vycy9hcnRodXIvRHJvcGJveC8xX3NoYXJlL0JJT0lORiAzOTkwIC0gSW5kIFN0dWR5L0xpdGVyYXR1cmUvRWZmZWN0aXZlIFN1cmdpY2FsIFNhZmV0eSBDaGVja2xpc3QgSW1wbGVtZW50YXRpb24ucGRmABMAAS8AABUAAgAN//8AAIAF0hwdHh9YJGNsYXNzZXNaJGNsYXNzbmFtZaMfICFdTlNNdXRhYmxlRGF0YVZOU0RhdGFYTlNPYmplY3RfEEQuLi9MaXRlcmF0dXJlL0VmZmVjdGl2ZSBTdXJnaWNhbCBTYWZldHkgQ2hlY2tsaXN0IEltcGxlbWVudGF0aW9uLnBkZtIcHSQloiUhXE5TRGljdGlvbmFyeRIAAYagXxAPTlNLZXllZEFyY2hpdmVyAAgAEQAWAB8AKAAyADUAOgA8AEUASwBSAF0AZQBsAG8AcQBzAHYAeAB6AHwAhgCTAJgAoALyAvQC+QMCAw0DEQMfAyYDLwN2A3sDfgOLA5AAAAAAAAACAQAAAAAAAAAoAAAAAAAAAAAAAAAAAAADog==}}

@article{Ziewacz2011Crisis-Checklis,
	Author = {Ziewacz, JE and Arriaga, AF and Bader, AM and Berry, WR and Edmondson, L and Wong, JM and Lipsitz, SR and Hepner, DL and Peyre, S and Nelson, S and Boorman, DJ and Smink, DS and Ashley, SW and Gawande, AA},
	Date-Added = {2012-02-07 16:17:24 -0500},
	Date-Modified = {2012-02-07 22:39:05 +0000},
	Journal = {J Am Col Surg},
	Keywords = {checklist},
	Month = {Aug},
	Number = {2},
	Pages = {212-17},
	Title = {Crisis checklists for the operating room: development and pilot testing},
	Volume = {213},
	Year = {2011},
	Bdsk-File-1 = {YnBsaXN0MDDUAQIDBAUIJidUJHRvcFgkb2JqZWN0c1gkdmVyc2lvblkkYXJjaGl2ZXLRBgdUcm9vdIABqAkKFRYXGyIjVSRudWxs0wsMDQ4RFFpOUy5vYmplY3RzV05TLmtleXNWJGNsYXNzog8QgASABqISE4ACgAOAB1lhbGlhc0RhdGFccmVsYXRpdmVQYXRo0hgNGRpXTlMuZGF0YU8RAjAAAAAAAjAAAgAAA1VubwAAAAAAAAAAAAAAAAAAAAAAAAAAAAAAAMnQ4OlIKwAAAO2LiB9DcmlzaXMgQ2hlY2tsaXN0cyBmbyNFRDg5QTYucGRmAAAAAAAAAAAAAAAAAAAAAAAAAAAAAAAAAAAAAAAAAAAA7Ymmy08F/gAAAAAAAAAAAAEAAgAACSAAAAAAAAAAAAAAAAAAAAAKTGl0ZXJhdHVyZQAQAAgAAMnRGSkAAAARAAgAAMtPTE4AAAABABgA7YuIAOi6UgDEMQkAE7MeAA4NAQAODPQAAgBpVW5vOlVzZXJzOgBhcnRodXI6AERyb3Bib3g6ADFfc2hhcmU6AEJJT0lORiAzOTkwIC0gSW5kIFN0dWR5OgBMaXRlcmF0dXJlOgBDcmlzaXMgQ2hlY2tsaXN0cyBmbyNFRDg5QTYucGRmAAAOAFoALABDAHIAaQBzAGkAcwAgAEMAaABlAGMAawBsAGkAcwB0AHMAIABmAG8AcgAgAHQAaABlACAATwBwAGUAcgBhAHQAaQBuAGcAIABSAG8AbwBtAC4AcABkAGYADwAIAAMAVQBuAG8AEgBsVXNlcnMvYXJ0aHVyL0Ryb3Bib3gvMV9zaGFyZS9CSU9JTkYgMzk5MCAtIEluZCBTdHVkeS9MaXRlcmF0dXJlL0NyaXNpcyBDaGVja2xpc3RzIGZvciB0aGUgT3BlcmF0aW5nIFJvb20ucGRmABMAAS8AABUAAgAN//8AAIAF0hwdHh9YJGNsYXNzZXNaJGNsYXNzbmFtZaMfICFdTlNNdXRhYmxlRGF0YVZOU0RhdGFYTlNPYmplY3RfEDouLi9MaXRlcmF0dXJlL0NyaXNpcyBDaGVja2xpc3RzIGZvciB0aGUgT3BlcmF0aW5nIFJvb20ucGRm0hwdJCWiJSFcTlNEaWN0aW9uYXJ5EgABhqBfEA9OU0tleWVkQXJjaGl2ZXIACAARABYAHwAoADIANQA6ADwARQBLAFIAXQBlAGwAbwBxAHMAdgB4AHoAfACGAJMAmACgAtQC1gLbAuQC7wLzAwEDCAMRA04DUwNWA2MDaAAAAAAAAAIBAAAAAAAAACgAAAAAAAAAAAAAAAAAAAN6}}

@article{Schleyer2007The-feasibility,
	Author = {Schleyer, TK and Thyvalikakath, TP and Malatack, P and Marotta, M and Shah, TA and Phanicphant, P and et al.},
	Date-Added = {2012-02-07 16:13:46 -0500},
	Date-Modified = {2012-02-07 23:12:10 +0000},
	Journal = {J Am Dent Assoc},
	Keywords = {design},
	Month = {Aug},
	Number = {8},
	Pages = {1072-80},
	Title = {The feasibility of a three-dimensional charting interface for general dentistry},
	Volume = {138},
	Year = {2007}}

@article{Irwin2009A-preliminary-m,
	Author = {Irwin, JY and Torres-Urquidy, MH and Schleyer, TK and Monaco, V},
	Date-Added = {2012-02-07 16:10:44 -0500},
	Date-Modified = {2012-02-07 22:23:47 +0000},
	Journal = {Br Dent J},
	Keywords = {treatment planning},
	Month = {Jan 10},
	Number = {1},
	Pages = {E1},
	Title = {A preliminary model of work during initial examination and treatment planning appointments},
	Volume = {206},
	Year = {2009}}

@book{Stefanac2006Treatment-Plann,
	Address = {St. Louis},
	Author = {Stefanac, Stephen J. and Nesbit, Samuel P.},
	Date-Added = {2012-02-07 16:07:05 -0500},
	Date-Modified = {2012-02-07 23:12:25 +0000},
	Edition = {2nd},
	Keywords = {treatment planning},
	Publisher = {Mosby},
	Title = {Treatment Planning in Dentistry},
	Year = {2006}}

@book{Dawson2006Functional-Occl,
	Address = {St. Louis},
	Author = {Dawson, Peter},
	Date-Added = {2012-02-07 16:03:13 -0500},
	Date-Modified = {2012-02-07 23:12:25 +0000},
	Keywords = {treatment planning},
	Publisher = {Mosby},
	Title = {Functional Occlusion: From TMJ to Smile Design},
	Year = {2006}}
