%% This BibTeX bibliography file was created using BibDesk.
%% http://bibdesk.sourceforge.net/


%% Created for Richard Oldham at 2012-04-13 19:14:05 -0400 


%% Saved with string encoding Unicode (UTF-8) 



@article{Kujala2008Effective-user-,
	Author = {Kujala, S},
	Date-Added = {2012-04-13 22:59:01 +0000},
	Date-Modified = {2012-04-13 22:59:44 +0000},
	Journal = {Behav \& Inform Technol},
	Keywords = {ucd},
	Month = {Nov},
	Number = {6},
	Pages = {457--473},
	Title = {Effective user involvement in product development by improving the analysis of user needs},
	Volume = {27},
	Year = {2008}}

@article{Sittig1999Evaluating-phys,
	Author = {Sittig, DF and Kuperman, GJ and Fiskio, J},
	Date-Added = {2012-04-13 22:51:15 +0000},
	Date-Modified = {2012-04-13 22:52:32 +0000},
	Journal = {Proc Annu Symp Am Med Inform Assoc},
	Keywords = {usability eval},
	Title = {Evaluating physician satisfaction regarding user interactions with an electronic medical record system},
	Year = {1999},
	Bdsk-File-1 = {YnBsaXN0MDDUAQIDBAUIJidUJHRvcFgkb2JqZWN0c1gkdmVyc2lvblkkYXJjaGl2ZXLRBgdUcm9vdIABqAkKFRYXGyIjVSRudWxs0wsMDQ4RFFpOUy5vYmplY3RzV05TLmtleXNWJGNsYXNzog8QgASABqISE4ACgAOAB1lhbGlhc0RhdGFccmVsYXRpdmVQYXRo0hgNGRpXTlMuZGF0YU8RAuoAAAAAAuoAAgAAA1VubwAAAAAAAAAAAAAAAAAAAAAAAAAAAAAAAMnQ4OlIKwAAAO2LiB9FdmFsdWF0aW5nIFBoeXNpY2lhIzE2QUE1QzgucGRmAAAAAAAAAAAAAAAAAAAAAAAAAAAAAAAAAAAAAAAAAAABaqXIy64mzwAAAAAAAAAAAAEAAgAACSAAAAAAAAAAAAAAAAAAAAAKTGl0ZXJhdHVyZQAQAAgAAMnRGSkAAAARAAgAAMuuXw8AAAABABgA7YuIAOi6UgDEMQkAE7MeAA4NAQAODPQAAgBpVW5vOlVzZXJzOgBhcnRodXI6AERyb3Bib3g6ADFfc2hhcmU6AEJJT0lORiAzOTkwIC0gSW5kIFN0dWR5OgBMaXRlcmF0dXJlOgBFdmFsdWF0aW5nIFBoeXNpY2lhIzE2QUE1QzgucGRmAAAOANYAagBFAHYAYQBsAHUAYQB0AGkAbgBnACAAUABoAHkAcwBpAGMAaQBhAG4AIABTAGEAdABpAHMAZgBhAGMAdABpAG8AbgAgAFIAZQBnAGEAcgBkAGkAbgBnACAAVQBzAGUAcgAgAEkAbgB0AGUAcgBhAGMAdABpAG8AbgBzACAAdwBpAHQAaAAgAGEAbgAgAEUAbABlAGMAdAByAG8AbgBpAGMAIABNAGUAZABpAGMAYQBsACAAUgBlAGMAbwByAGQAIABTAHkAcwB0AGUAbQAuAHAAZABmAA8ACAADAFUAbgBvABIAqlVzZXJzL2FydGh1ci9Ecm9wYm94LzFfc2hhcmUvQklPSU5GIDM5OTAgLSBJbmQgU3R1ZHkvTGl0ZXJhdHVyZS9FdmFsdWF0aW5nIFBoeXNpY2lhbiBTYXRpc2ZhY3Rpb24gUmVnYXJkaW5nIFVzZXIgSW50ZXJhY3Rpb25zIHdpdGggYW4gRWxlY3Ryb25pYyBNZWRpY2FsIFJlY29yZCBTeXN0ZW0ucGRmABMAAS8AABUAAgAN//8AAIAF0hwdHh9YJGNsYXNzZXNaJGNsYXNzbmFtZaMfICFdTlNNdXRhYmxlRGF0YVZOU0RhdGFYTlNPYmplY3RfEHguLi9MaXRlcmF0dXJlL0V2YWx1YXRpbmcgUGh5c2ljaWFuIFNhdGlzZmFjdGlvbiBSZWdhcmRpbmcgVXNlciBJbnRlcmFjdGlvbnMgd2l0aCBhbiBFbGVjdHJvbmljIE1lZGljYWwgUmVjb3JkIFN5c3RlbS5wZGbSHB0kJaIlIVxOU0RpY3Rpb25hcnkSAAGGoF8QD05TS2V5ZWRBcmNoaXZlcgAIABEAFgAfACgAMgA1ADoAPABFAEsAUgBdAGUAbABvAHEAcwB2AHgAegB8AIYAkwCYAKADjgOQA5UDngOpA60DuwPCA8sERgRLBE4EWwRgAAAAAAAAAgEAAAAAAAAAKAAAAAAAAAAAAAAAAAAABHI=}}

@inproceedings{Chin1998Development-of-,
	Address = {New York, NY},
	Author = {Chin, JP and Diehl, VA and Norman, KL},
	Booktitle = {Proceedings of the SIGCHI conference on Human factors in computing systems},
	Date-Added = {2012-04-13 22:46:02 +0000},
	Date-Modified = {2012-04-13 22:56:15 +0000},
	Keywords = {usability eval},
	Pages = {213--18},
	Publisher = {ACM},
	Series = {CHI '88},
	Title = {Development of an instrument measuring user satisfaction of the human-computer interface},
	Year = {1988},
	Bdsk-File-1 = {YnBsaXN0MDDUAQIDBAUIJidUJHRvcFgkb2JqZWN0c1gkdmVyc2lvblkkYXJjaGl2ZXLRBgdUcm9vdIABqAkKFRYXGyIjVSRudWxs0wsMDQ4RFFpOUy5vYmplY3RzV05TLmtleXNWJGNsYXNzog8QgASABqISE4ACgAOAB1lhbGlhc0RhdGFccmVsYXRpdmVQYXRo0hgNGRpXTlMuZGF0YU8RAqwAAAAAAqwAAgAAA1VubwAAAAAAAAAAAAAAAAAAAAAAAAAAAAAAAMnQ4OlIKwAAAO2LiB9EZXZlbG9wbWVudCBvZiBhIFRvIzE2QUE2NkUucGRmAAAAAAAAAAAAAAAAAAAAAAAAAAAAAAAAAAAAAAAAAAABaqZuy64nGgAAAAAAAAAAAAEAAgAACSAAAAAAAAAAAAAAAAAAAAAKTGl0ZXJhdHVyZQAQAAgAAMnRGSkAAAARAAgAAMuuX1oAAAABABgA7YuIAOi6UgDEMQkAE7MeAA4NAQAODPQAAgBpVW5vOlVzZXJzOgBhcnRodXI6AERyb3Bib3g6ADFfc2hhcmU6AEJJT0lORiAzOTkwIC0gSW5kIFN0dWR5OgBMaXRlcmF0dXJlOgBEZXZlbG9wbWVudCBvZiBhIFRvIzE2QUE2NkUucGRmAAAOAKwAVQBEAGUAdgBlAGwAbwBwAG0AZQBuAHQAIABvAGYAIABhACAAVABvAG8AbAAgAE0AZQBhAHMAdQByAGkAbgBnACAAVQBzAGUAcgAgAFMAYQB0AGkAcwBmAGEAYwB0AGkAbwBuACAAbwBmACAAdABoAGUAIABIAHUAbQBhAG4ALQBDAG8AbQBwAHUAdABlAHIAIABJAG4AdABlAHIAZgBhAGMAZQAuAHAAZABmAA8ACAADAFUAbgBvABIAlVVzZXJzL2FydGh1ci9Ecm9wYm94LzFfc2hhcmUvQklPSU5GIDM5OTAgLSBJbmQgU3R1ZHkvTGl0ZXJhdHVyZS9EZXZlbG9wbWVudCBvZiBhIFRvb2wgTWVhc3VyaW5nIFVzZXIgU2F0aXNmYWN0aW9uIG9mIHRoZSBIdW1hbi1Db21wdXRlciBJbnRlcmZhY2UucGRmAAATAAEvAAAVAAIADf//AACABdIcHR4fWCRjbGFzc2VzWiRjbGFzc25hbWWjHyAhXU5TTXV0YWJsZURhdGFWTlNEYXRhWE5TT2JqZWN0XxBjLi4vTGl0ZXJhdHVyZS9EZXZlbG9wbWVudCBvZiBhIFRvb2wgTWVhc3VyaW5nIFVzZXIgU2F0aXNmYWN0aW9uIG9mIHRoZSBIdW1hbi1Db21wdXRlciBJbnRlcmZhY2UucGRm0hwdJCWiJSFcTlNEaWN0aW9uYXJ5EgABhqBfEA9OU0tleWVkQXJjaGl2ZXIACAARABYAHwAoADIANQA6ADwARQBLAFIAXQBlAGwAbwBxAHMAdgB4AHoAfACGAJMAmACgA1ADUgNXA2ADawNvA30DhAONA/MD+AP7BAgEDQAAAAAAAAIBAAAAAAAAACgAAAAAAAAAAAAAAAAAAAQf}}

@article{Kujala2003User-involvemen,
	Author = {Kujala, S},
	Date-Added = {2012-04-13 22:41:43 +0000},
	Date-Modified = {2012-04-13 22:44:25 +0000},
	Journal = {Behav \& Inform Technol},
	Keywords = {ucd},
	Number = {1},
	Pages = {1-16},
	Title = {User involvement: A review of the benefits and challenges},
	Volume = {22},
	Year = {2003}}

@incollection{Wixon1997The-usability-e,
	Address = {Amsterdam},
	Author = {Wixon, D and Wilson, C},
	Booktitle = {Handbook of Human-Computer Interaction},
	Date-Added = {2012-04-13 22:38:17 +0000},
	Date-Modified = {2012-04-13 22:39:37 +0000},
	Editor = {Helander, M and Landauer, T},
	Keywords = {ucd},
	Pages = {653-88},
	Publisher = {Elsevier},
	Title = {The usability engineering framework for product design and evaluation},
	Year = {1997}}

@article{Johnson2005A-user-centered,
	Author = {Johnson, CM and Johnson, TR and Zhang, J},
	Date-Added = {2012-04-13 22:32:36 +0000},
	Date-Modified = {2012-04-13 22:36:04 +0000},
	Journal = {J Biomed Inform},
	Keywords = {ucd},
	Pages = {75-87},
	Title = {A user-centered framework for redesigning health care interfaces},
	Volume = {38},
	Year = {2005},
	Bdsk-File-1 = {YnBsaXN0MDDUAQIDBAUIJidUJHRvcFgkb2JqZWN0c1gkdmVyc2lvblkkYXJjaGl2ZXLRBgdUcm9vdIABqAkKFRYXGyIjVSRudWxs0wsMDQ4RFFpOUy5vYmplY3RzV05TLmtleXNWJGNsYXNzog8QgASABqISE4ACgAOAB1lhbGlhc0RhdGFccmVsYXRpdmVQYXRo0hgNGRpXTlMuZGF0YU8RAngAAAAAAngAAgAAA1VubwAAAAAAAAAAAAAAAAAAAAAAAAAAAAAAAMnQ4OlIKwAAAO2LiB9BIHVzZXItY2VudGVyZWQgZnJhIzE2QTk2NkUucGRmAAAAAAAAAAAAAAAAAAAAAAAAAAAAAAAAAAAAAAAAAAABapZuy64iXQAAAAAAAAAAAAEAAgAACSAAAAAAAAAAAAAAAAAAAAAKTGl0ZXJhdHVyZQAQAAgAAMnRGSkAAAARAAgAAMuuWp0AAAABABgA7YuIAOi6UgDEMQkAE7MeAA4NAQAODPQAAgBpVW5vOlVzZXJzOgBhcnRodXI6AERyb3Bib3g6ADFfc2hhcmU6AEJJT0lORiAzOTkwIC0gSW5kIFN0dWR5OgBMaXRlcmF0dXJlOgBBIHVzZXItY2VudGVyZWQgZnJhIzE2QTk2NkUucGRmAAAOAIoARABBACAAdQBzAGUAcgAtAGMAZQBuAHQAZQByAGUAZAAgAGYAcgBhAG0AZQB3AG8AcgBrACAAZgBvAHIAIAByAGUAZABlAHMAaQBnAG4AaQBuAGcAIABoAGUAYQBsAHQAaAAgAGMAYQByAGUAIABpAG4AdABlAHIAZgBhAGMAZQBzAC4AcABkAGYADwAIAAMAVQBuAG8AEgCEVXNlcnMvYXJ0aHVyL0Ryb3Bib3gvMV9zaGFyZS9CSU9JTkYgMzk5MCAtIEluZCBTdHVkeS9MaXRlcmF0dXJlL0EgdXNlci1jZW50ZXJlZCBmcmFtZXdvcmsgZm9yIHJlZGVzaWduaW5nIGhlYWx0aCBjYXJlIGludGVyZmFjZXMucGRmABMAAS8AABUAAgAN//8AAIAF0hwdHh9YJGNsYXNzZXNaJGNsYXNzbmFtZaMfICFdTlNNdXRhYmxlRGF0YVZOU0RhdGFYTlNPYmplY3RfEFIuLi9MaXRlcmF0dXJlL0EgdXNlci1jZW50ZXJlZCBmcmFtZXdvcmsgZm9yIHJlZGVzaWduaW5nIGhlYWx0aCBjYXJlIGludGVyZmFjZXMucGRm0hwdJCWiJSFcTlNEaWN0aW9uYXJ5EgABhqBfEA9OU0tleWVkQXJjaGl2ZXIACAARABYAHwAoADIANQA6ADwARQBLAFIAXQBlAGwAbwBxAHMAdgB4AHoAfACGAJMAmACgAxwDHgMjAywDNwM7A0kDUANZA64DswO2A8MDyAAAAAAAAAIBAAAAAAAAACgAAAAAAAAAAAAAAAAAAAPa}}

@incollection{Gould1997How-to-design-u,
	Address = {Amsterdam},
	Author = {Gould, JD},
	Booktitle = {Handbook of Human-Computer Interaction},
	Date-Added = {2012-04-13 22:30:17 +0000},
	Date-Modified = {2012-04-13 22:36:13 +0000},
	Edition = {2nd},
	Editor = {Helander, M and Landauer, T},
	Keywords = {ucd},
	Pages = {231-54},
	Publisher = {Elsevier},
	Title = {How to design usable systems},
	Year = {1997}}

@incollection{Bannon1986Issues-in-desig,
	Address = {Hillsdale, NJ},
	Author = {Bannon, LJ},
	Booktitle = {User centered dsystem design: New perspectives on human-computer interaction},
	Date-Added = {2012-04-13 22:26:17 +0000},
	Date-Modified = {2012-04-13 22:36:20 +0000},
	Editor = {Norman, DA and Draper, SW},
	Keywords = {ucd},
	Pages = {25-30},
	Publisher = {Lawrence Erlbaum Associates},
	Title = {Issues in design: Some notes},
	Year = {1986}}

@article{Spicer2008Bytes-and-bites,
	Abstract = {Record-keeping is an essential part of clinical dental practice, having a direct relationship to patient safety and patient care. This study assesses the quality of record-keeping of 134 GDPs against 14 Clinical Governance standards. GDPs using computerized record systems showed statistically significantly (P < 0.05) better conformity for 11 of these standards than those using paper record systems. The use of computer records is therefore encouraged. In particular,the recording of medical history, soft tissues assessment, periodontal assessment and radiograph clinical evaluation is shown to be suboptimal and this could have potentially serious adverse effects on patient safety and patient care. Clinical Relevance: Improving the quality of clinical record-keeping will help to improve the quality of patient safety and patient care.},
	Author = {Spicer, R},
	Date-Added = {2012-04-13 17:09:49 +0000},
	Date-Modified = {2012-04-13 22:36:34 +0000},
	Journal = {Dent Update},
	Keywords = {outcomes},
	Month = {Nov},
	Number = {9},
	Pages = {618-9},
	Title = {Bytes and bites--using computerized clinical records to improve patient safety in general dental practice},
	Volume = {35},
	Year = {2008}}

@article{evovling-epractice,
	Date-Added = {2012-04-13 16:48:11 +0000},
	Date-Modified = {2012-04-13 16:50:47 +0000},
	Journal = {Pract Proced Aesthet Dent},
	Keywords = {treatment planning},
	Month = {Oct},
	Number = {9},
	Pages = {565-6},
	Title = {The evolving e-practice: effective treatment planning using dental charting software},
	Volume = {20},
	Year = {2008},
	Bdsk-File-1 = {YnBsaXN0MDDUAQIDBAUIJidUJHRvcFgkb2JqZWN0c1gkdmVyc2lvblkkYXJjaGl2ZXLRBgdUcm9vdIABqAkKFRYXGyIjVSRudWxs0wsMDQ4RFFpOUy5vYmplY3RzV05TLmtleXNWJGNsYXNzog8QgASABqISE4ACgAOAB1lhbGlhc0RhdGFccmVsYXRpdmVQYXRo0hgNGRpXTlMuZGF0YU8RAfwAAAAAAfwAAgAAA1VubwAAAAAAAAAAAAAAAAAAAAAAAAAAAAAAAMnQ4OlIKwAAAO2LiBxlZmZlY3RpdmUgdHhwbCB3aXRoIGVkcnMucGRmAAAAAAAAAAAAAAAAAAAAAAAAAAAAAAAAAAAAAAAAAAAAAAABakRPy63RWgAAAAAAAAAAAAEAAgAACSAAAAAAAAAAAAAAAAAAAAAKTGl0ZXJhdHVyZQAQAAgAAMnRGSkAAAARAAgAAMuuCZoAAAABABgA7YuIAOi6UgDEMQkAE7MeAA4NAQAODPQAAgBmVW5vOlVzZXJzOgBhcnRodXI6AERyb3Bib3g6ADFfc2hhcmU6AEJJT0lORiAzOTkwIC0gSW5kIFN0dWR5OgBMaXRlcmF0dXJlOgBlZmZlY3RpdmUgdHhwbCB3aXRoIGVkcnMucGRmAA4AOgAcAGUAZgBmAGUAYwB0AGkAdgBlACAAdAB4AHAAbAAgAHcAaQB0AGgAIABlAGQAcgBzAC4AcABkAGYADwAIAAMAVQBuAG8AEgBcVXNlcnMvYXJ0aHVyL0Ryb3Bib3gvMV9zaGFyZS9CSU9JTkYgMzk5MCAtIEluZCBTdHVkeS9MaXRlcmF0dXJlL2VmZmVjdGl2ZSB0eHBsIHdpdGggZWRycy5wZGYAEwABLwAAFQACAA3//wAAgAXSHB0eH1gkY2xhc3Nlc1okY2xhc3NuYW1lox8gIV1OU011dGFibGVEYXRhVk5TRGF0YVhOU09iamVjdF8QKi4uL0xpdGVyYXR1cmUvZWZmZWN0aXZlIHR4cGwgd2l0aCBlZHJzLnBkZtIcHSQloiUhXE5TRGljdGlvbmFyeRIAAYagXxAPTlNLZXllZEFyY2hpdmVyAAgAEQAWAB8AKAAyADUAOgA8AEUASwBSAF0AZQBsAG8AcQBzAHYAeAB6AHwAhgCTAJgAoAKgAqICpwKwArsCvwLNAtQC3QMKAw8DEgMfAyQAAAAAAAACAQAAAAAAAAAoAAAAAAAAAAAAAAAAAAADNg==}}

@article{Walji2009Factors-influen,
	Author = {Walji, MF and Taylor, D and Langabeer, JR and Valenza, JA},
	Date-Added = {2012-04-13 16:46:55 +0000},
	Date-Modified = {2012-04-13 22:36:41 +0000},
	Journal = {J Dent Educ},
	Keywords = {outcomes},
	Month = {May},
	Number = {5},
	Pages = {589-600},
	Title = {Factors influencing implementation and outcomes of a dental electronic patient record system},
	Volume = {73},
	Year = {2009},
	Bdsk-File-1 = {YnBsaXN0MDDUAQIDBAUIJidUJHRvcFgkb2JqZWN0c1gkdmVyc2lvblkkYXJjaGl2ZXLRBgdUcm9vdIABqAkKFRYXGyIjVSRudWxs0wsMDQ4RFFpOUy5vYmplY3RzV05TLmtleXNWJGNsYXNzog8QgASABqISE4ACgAOAB1lhbGlhc0RhdGFccmVsYXRpdmVQYXRo0hgNGRpXTlMuZGF0YU8RAswAAAAAAswAAgAAA1VubwAAAAAAAAAAAAAAAAAAAAAAAAAAAAAAAMnQ4OlIKwAAAO2LiB9GYWN0b3JzIGluZmx1ZW5jaW5nIzE2QTQ1QzIucGRmAAAAAAAAAAAAAAAAAAAAAAAAAAAAAAAAAAAAAAAAAAABakXCy63RkgAAAAAAAAAAAAEAAgAACSAAAAAAAAAAAAAAAAAAAAAKTGl0ZXJhdHVyZQAQAAgAAMnRGSkAAAARAAgAAMuuCdIAAAABABgA7YuIAOi6UgDEMQkAE7MeAA4NAQAODPQAAgBpVW5vOlVzZXJzOgBhcnRodXI6AERyb3Bib3g6ADFfc2hhcmU6AEJJT0lORiAzOTkwIC0gSW5kIFN0dWR5OgBMaXRlcmF0dXJlOgBGYWN0b3JzIGluZmx1ZW5jaW5nIzE2QTQ1QzIucGRmAAAOAMIAYABGAGEAYwB0AG8AcgBzACAAaQBuAGYAbAB1AGUAbgBjAGkAbgBnACAAaQBtAHAAbABlAG0AZQBuAHQAYQB0AGkAbwBuACAAYQBuAGQAIABvAHUAdABjAG8AbQBlAHMAIABvAGYAIABhACAAZABlAG4AdABhAGwAIABlAGwAZQBjAHQAcgBvAG4AaQBjACAAcABhAHQAaQBlAG4AdAAgAHIAZQBjAG8AcgBkACAAcwB5AHMAdABlAG0ALgBwAGQAZgAPAAgAAwBVAG4AbwASAKBVc2Vycy9hcnRodXIvRHJvcGJveC8xX3NoYXJlL0JJT0lORiAzOTkwIC0gSW5kIFN0dWR5L0xpdGVyYXR1cmUvRmFjdG9ycyBpbmZsdWVuY2luZyBpbXBsZW1lbnRhdGlvbiBhbmQgb3V0Y29tZXMgb2YgYSBkZW50YWwgZWxlY3Ryb25pYyBwYXRpZW50IHJlY29yZCBzeXN0ZW0ucGRmABMAAS8AABUAAgAN//8AAIAF0hwdHh9YJGNsYXNzZXNaJGNsYXNzbmFtZaMfICFdTlNNdXRhYmxlRGF0YVZOU0RhdGFYTlNPYmplY3RfEG4uLi9MaXRlcmF0dXJlL0ZhY3RvcnMgaW5mbHVlbmNpbmcgaW1wbGVtZW50YXRpb24gYW5kIG91dGNvbWVzIG9mIGEgZGVudGFsIGVsZWN0cm9uaWMgcGF0aWVudCByZWNvcmQgc3lzdGVtLnBkZtIcHSQloiUhXE5TRGljdGlvbmFyeRIAAYagXxAPTlNLZXllZEFyY2hpdmVyAAgAEQAWAB8AKAAyADUAOgA8AEUASwBSAF0AZQBsAG8AcQBzAHYAeAB6AHwAhgCTAJgAoANwA3IDdwOAA4sDjwOdA6QDrQQeBCMEJgQzBDgAAAAAAAACAQAAAAAAAAAoAAAAAAAAAAAAAAAAAAAESg==}}

@article{Dawson2009Improving-the-e,
	Abstract = {Six nurses participated in usability testing sessions during which they entered 35 physician orders using a tablet PC. Their performance was recorded and then replayed to code the user and system behaviours associated with order entry. Results indicate that problematic user navigational and data entry behaviours occur more frequently than system related behaviours but that the latter are associated with much higher error rates. Field-specific data entry strategies introduced during user training were adopted 77.6% of the time and resulted in improved efficiency.},
	Author = {Dawson, J and Kushniruk, A},
	Date-Added = {2012-04-13 16:45:33 +0000},
	Date-Modified = {2012-04-13 16:55:14 +0000},
	Journal = {Stud Health Technol Inform},
	Keywords = {handheld},
	Pages = {447-52},
	Title = {Improving the efficiency and accuracy of a tablet PC interface for computerized provider order entry through usability evaluation and provision of data entry strategies},
	Volume = {143},
	Year = {2009}}

@book{Abras2004Encycolopeida-o,
	Address = {Thousand Oaks},
	Author = {Abras, C and Maloney-Krichmar, D and Preece, J},
	Date-Added = {2012-04-13 16:35:14 +0000},
	Date-Modified = {2012-04-13 22:36:50 +0000},
	Editor = {Bainbridge, W},
	Keywords = {ucd},
	Publisher = {Sage Publications},
	Series = {User-Centered Design},
	Title = {Encycolopeida of Human-Computer Interaction},
	Year = {2004},
	Bdsk-File-1 = {YnBsaXN0MDDUAQIDBAUIJidUJHRvcFgkb2JqZWN0c1gkdmVyc2lvblkkYXJjaGl2ZXLRBgdUcm9vdIABqAkKFRYXGyIjVSRudWxs0wsMDQ4RFFpOUy5vYmplY3RzV05TLmtleXNWJGNsYXNzog8QgASABqISE4ACgAOAB1lhbGlhc0RhdGFccmVsYXRpdmVQYXRo0hgNGRpXTlMuZGF0YU8RAewAAAAAAewAAgAAA1VubwAAAAAAAAAAAAAAAAAAAAAAAAAAAAAAAMnQ4OlIKwAAAO2LiBhVc2VyLUNlbnRlcmVkIERlc2lnbi5wZGYAAAAAAAAAAAAAAAAAAAAAAAAAAAAAAAAAAAAAAAAAAAAAAAAAAAABaj5ry63N9QAAAAAAAAAAAAEAAgAACSAAAAAAAAAAAAAAAAAAAAAKTGl0ZXJhdHVyZQAQAAgAAMnRGSkAAAARAAgAAMuuBjUAAAABABgA7YuIAOi6UgDEMQkAE7MeAA4NAQAODPQAAgBiVW5vOlVzZXJzOgBhcnRodXI6AERyb3Bib3g6ADFfc2hhcmU6AEJJT0lORiAzOTkwIC0gSW5kIFN0dWR5OgBMaXRlcmF0dXJlOgBVc2VyLUNlbnRlcmVkIERlc2lnbi5wZGYADgAyABgAVQBzAGUAcgAtAEMAZQBuAHQAZQByAGUAZAAgAEQAZQBzAGkAZwBuAC4AcABkAGYADwAIAAMAVQBuAG8AEgBYVXNlcnMvYXJ0aHVyL0Ryb3Bib3gvMV9zaGFyZS9CSU9JTkYgMzk5MCAtIEluZCBTdHVkeS9MaXRlcmF0dXJlL1VzZXItQ2VudGVyZWQgRGVzaWduLnBkZgATAAEvAAAVAAIADf//AACABdIcHR4fWCRjbGFzc2VzWiRjbGFzc25hbWWjHyAhXU5TTXV0YWJsZURhdGFWTlNEYXRhWE5TT2JqZWN0XxAmLi4vTGl0ZXJhdHVyZS9Vc2VyLUNlbnRlcmVkIERlc2lnbi5wZGbSHB0kJaIlIVxOU0RpY3Rpb25hcnkSAAGGoF8QD05TS2V5ZWRBcmNoaXZlcgAIABEAFgAfACgAMgA1ADoAPABFAEsAUgBdAGUAbABvAHEAcwB2AHgAegB8AIYAkwCYAKACkAKSApcCoAKrAq8CvQLEAs0C9gL7Av4DCwMQAAAAAAAAAgEAAAAAAAAAKAAAAAAAAAAAAAAAAAAAAyI=}}

@article{Unthank2004Designing-your-,
	Author = {Unthank, M},
	Date-Added = {2012-04-13 15:23:22 +0000},
	Date-Modified = {2012-04-13 15:24:58 +0000},
	Journal = {J Am Dent Assoc},
	Keywords = {integration},
	Month = {Oct},
	Pages = {24S-29S},
	Title = {Designing your office for technology},
	Volume = {135},
	Year = {2004},
	Bdsk-File-1 = {YnBsaXN0MDDUAQIDBAUIJidUJHRvcFgkb2JqZWN0c1gkdmVyc2lvblkkYXJjaGl2ZXLRBgdUcm9vdIABqAkKFRYXGyIjVSRudWxs0wsMDQ4RFFpOUy5vYmplY3RzV05TLmtleXNWJGNsYXNzog8QgASABqISE4ACgAOAB1lhbGlhc0RhdGFccmVsYXRpdmVQYXRo0hgNGRpXTlMuZGF0YU8RAiQAAAAAAiQAAgAAA1VubwAAAAAAAAAAAAAAAAAAAAAAAAAAAAAAAMnQ4OlIKwAAAO2LiB9EZXNpZ25pbmcgeW91ciBvZmZpIzE2N0I2M0IucGRmAAAAAAAAAAAAAAAAAAAAAAAAAAAAAAAAAAAAAAAAAAABZ7Y7y629agAAAAAAAAAAAAEAAgAACSAAAAAAAAAAAAAAAAAAAAAKTGl0ZXJhdHVyZQAQAAgAAMnRGSkAAAARAAgAAMut9aoAAAABABgA7YuIAOi6UgDEMQkAE7MeAA4NAQAODPQAAgBpVW5vOlVzZXJzOgBhcnRodXI6AERyb3Bib3g6ADFfc2hhcmU6AEJJT0lORiAzOTkwIC0gSW5kIFN0dWR5OgBMaXRlcmF0dXJlOgBEZXNpZ25pbmcgeW91ciBvZmZpIzE2N0I2M0IucGRmAAAOAFIAKABEAGUAcwBpAGcAbgBpAG4AZwAgAHkAbwB1AHIAIABvAGYAZgBpAGMAZQAgAGYAbwByACAAdABlAGMAaABuAG8AbABvAGcAeQAuAHAAZABmAA8ACAADAFUAbgBvABIAaFVzZXJzL2FydGh1ci9Ecm9wYm94LzFfc2hhcmUvQklPSU5GIDM5OTAgLSBJbmQgU3R1ZHkvTGl0ZXJhdHVyZS9EZXNpZ25pbmcgeW91ciBvZmZpY2UgZm9yIHRlY2hub2xvZ3kucGRmABMAAS8AABUAAgAN//8AAIAF0hwdHh9YJGNsYXNzZXNaJGNsYXNzbmFtZaMfICFdTlNNdXRhYmxlRGF0YVZOU0RhdGFYTlNPYmplY3RfEDYuLi9MaXRlcmF0dXJlL0Rlc2lnbmluZyB5b3VyIG9mZmljZSBmb3IgdGVjaG5vbG9neS5wZGbSHB0kJaIlIVxOU0RpY3Rpb25hcnkSAAGGoF8QD05TS2V5ZWRBcmNoaXZlcgAIABEAFgAfACgAMgA1ADoAPABFAEsAUgBdAGUAbABvAHEAcwB2AHgAegB8AIYAkwCYAKACyALKAs8C2ALjAucC9QL8AwUDPgNDA0YDUwNYAAAAAAAAAgEAAAAAAAAAKAAAAAAAAAAAAAAAAAAAA2o=}}

@article{Hill2010Health-Informat,
	Author = {Hill, HK and Stewart, DC and Ash, JS},
	Date-Added = {2012-04-13 14:57:28 +0000},
	Date-Modified = {2012-04-13 22:37:00 +0000},
	Journal = {J Dent Educ},
	Keywords = {outcomes},
	Month = {Apr},
	Number = {4},
	Pages = {434-45},
	Title = {Health Information Technology Systems profoundly impact users: a case study in dental school},
	Volume = {74},
	Year = {2010}}

@article{Emmott2010Electronic-dent,
	Author = {Emmott, L},
	Date-Added = {2012-04-13 14:55:48 +0000},
	Date-Modified = {2012-04-13 14:56:24 +0000},
	Journal = {J Am Coll Dent},
	Keywords = {records},
	Number = {1},
	Pages = {10-12},
	Title = {Electronic dental records in dentistry},
	Volume = {77},
	Year = {2010 Winter}}

@article{Frank2010IPad--tool-or-t,
	Author = {Frank, E},
	Date-Added = {2012-04-13 14:53:52 +0000},
	Date-Modified = {2012-04-13 14:54:36 +0000},
	Journal = {Int J Comput Dent},
	Keywords = {handheld},
	Number = {4},
	Pages = {341-9},
	Title = {IPad--tool or toy?},
	Volume = {13},
	Year = {2010}}

@article{Schleyer2011Advancing-oral,
	Abstract = {The implementation of information technology in healthcare is a significant focus for many nations around the world. However, information technology support for clinical care, research and education in oral medicine is currently poorly developed. This situation hampers our ability to transform oral medicine into a learning healthcare discipline' in which the divide between clinical practice and research is diminished and, ultimately, eliminated. This paper reviews the needs of and requirements for information technology support of oral medicine and proposes an agenda designed to meet those needs. For oral medicine, this agenda includes analyzing and reviewing current clinical and documentation practices, working toward progressively standardizing clinical data, and helping define requirements for oral medicine systems. IT professionals can contribute by conducting baseline studies about the use of electronic systems, helping develop controlled vocabularies and ontologies,
and designing, implementing, and evaluating novel systems centered on the needs of clinicians, researchers and educators. Successfully advancing IT support for oral
medicine will require close coordination and collaboration among oral medicine professionals, information technology professionals, system vendors, and funding agencies. If current barriers and obstacles are overcome, practice and research in oral medicine stand ready to derive significant benefits from the application of information technology},
	Author = {Schleyer, T and Mattsson, U and N\'{i} R\'{i}ord\'{a}in, R and Brailo, V and Glick, M and Zain, RB and Jontell, M},
	Date-Added = {2012-04-13 13:35:56 +0000},
	Date-Modified = {2012-04-13 22:37:20 +0000},
	Journal = {Oral Dis},
	Keywords = {background; outcomes},
	Month = {Apr},
	Pages = {85-94},
	Title = {Advancing oral medicine through informatics and information technology: a proposed framework and strategy},
	Volume = {17 Suppl 1},
	Year = {2011},
	Bdsk-File-1 = {YnBsaXN0MDDUAQIDBAUIJidUJHRvcFgkb2JqZWN0c1gkdmVyc2lvblkkYXJjaGl2ZXLRBgdUcm9vdIABqAkKFRYXGyIjVSRudWxs0wsMDQ4RFFpOUy5vYmplY3RzV05TLmtleXNWJGNsYXNzog8QgASABqISE4ACgAOAB1lhbGlhc0RhdGFccmVsYXRpdmVQYXRo0hgNGRpXTlMuZGF0YU8RAvQAAAAAAvQAAgAAA1VubwAAAAAAAAAAAAAAAAAAAAAAAAAAAAAAAMnQ4OlIKwAAAO2LiB9BZHZhbmNpbmcgb3JhbCBtZWRpIzE2NUMzNzEucGRmAAAAAAAAAAAAAAAAAAAAAAAAAAAAAAAAAAAAAAAAAAABZcNxy62k6gAAAAAAAAAAAAEAAgAACSAAAAAAAAAAAAAAAAAAAAAKTGl0ZXJhdHVyZQAQAAgAAMnRGSkAAAARAAgAAMut3SoAAAABABgA7YuIAOi6UgDEMQkAE7MeAA4NAQAODPQAAgBpVW5vOlVzZXJzOgBhcnRodXI6AERyb3Bib3g6ADFfc2hhcmU6AEJJT0lORiAzOTkwIC0gSW5kIFN0dWR5OgBMaXRlcmF0dXJlOgBBZHZhbmNpbmcgb3JhbCBtZWRpIzE2NUMzNzEucGRmAAAOANwAbQBBAGQAdgBhAG4AYwBpAG4AZwAgAG8AcgBhAGwAIABtAGUAZABpAGMAaQBuAGUAIAB0AGgAcgBvAHUAZwBoACAAaQBuAGYAbwByAG0AYQB0AGkAYwBzACAAYQBuAGQAIABpAG4AZgBvAHIAbQBhAHQAaQBvAG4AIAB0AGUAYwBoAG4AbwBsAG8AZwB5AC0AIABhACAAcAByAG8AcABvAHMAZQBkACAAZgByAGEAbQBlAHcAbwByAGsAIABhAG4AZAAgAHMAdAByAGEAdABlAGcAeQAuAHAAZABmAA8ACAADAFUAbgBvABIArVVzZXJzL2FydGh1ci9Ecm9wYm94LzFfc2hhcmUvQklPSU5GIDM5OTAgLSBJbmQgU3R1ZHkvTGl0ZXJhdHVyZS9BZHZhbmNpbmcgb3JhbCBtZWRpY2luZSB0aHJvdWdoIGluZm9ybWF0aWNzIGFuZCBpbmZvcm1hdGlvbiB0ZWNobm9sb2d5LSBhIHByb3Bvc2VkIGZyYW1ld29yayBhbmQgc3RyYXRlZ3kucGRmAAATAAEvAAAVAAIADf//AACABdIcHR4fWCRjbGFzc2VzWiRjbGFzc25hbWWjHyAhXU5TTXV0YWJsZURhdGFWTlNEYXRhWE5TT2JqZWN0XxB7Li4vTGl0ZXJhdHVyZS9BZHZhbmNpbmcgb3JhbCBtZWRpY2luZSB0aHJvdWdoIGluZm9ybWF0aWNzIGFuZCBpbmZvcm1hdGlvbiB0ZWNobm9sb2d5LSBhIHByb3Bvc2VkIGZyYW1ld29yayBhbmQgc3RyYXRlZ3kucGRm0hwdJCWiJSFcTlNEaWN0aW9uYXJ5EgABhqBfEA9OU0tleWVkQXJjaGl2ZXIACAARABYAHwAoADIANQA6ADwARQBLAFIAXQBlAGwAbwBxAHMAdgB4AHoAfACGAJMAmACgA5gDmgOfA6gDswO3A8UDzAPVBFMEWARbBGgEbQAAAAAAAAIBAAAAAAAAACgAAAAAAAAAAAAAAAAAAAR/}}

@article{Sam2001Office-computer,
	Author = {Sam, FE and Bonnick, AM},
	Date-Added = {2012-04-13 13:27:16 +0000},
	Date-Modified = {2012-04-13 13:38:19 +0000},
	Journal = {Dent Clin North Am},
	Keywords = {records},
	Month = {Jul},
	Number = {3},
	Pages = {549-57, ix},
	Title = {Office computer systems for the dental office},
	Volume = {55},
	Year = {2011}}

@article{Taylor2002Handheld-comput,
	Author = {Taylor, MH},
	Date-Added = {2012-04-11 16:28:33 +0000},
	Date-Modified = {2012-04-11 16:29:03 +0000},
	Journal = {Dent Clin North Am},
	Keywords = {handheld},
	Month = {Jul},
	Number = {3},
	Pages = {549-51},
	Title = {Handheld computing in dentistry},
	Volume = {46},
	Year = {2002}}

@article{Schleyer2003The-technologic,
	Author = {Schleyer, TK and Spallek, H and Bartling, WC and Corby, P},
	Date-Added = {2012-04-11 16:27:35 +0000},
	Date-Modified = {2012-04-11 16:28:49 +0000},
	Journal = {J Am Dent Assoc},
	Keywords = {background},
	Month = {Jan},
	Number = {1},
	Pages = {30-41},
	Title = {The technologically well-equipped denal office},
	Volume = {134},
	Year = {2003},
	Bdsk-File-1 = {YnBsaXN0MDDUAQIDBAUIJidUJHRvcFgkb2JqZWN0c1gkdmVyc2lvblkkYXJjaGl2ZXLRBgdUcm9vdIABqAkKFRYXGyIjVSRudWxs0wsMDQ4RFFpOUy5vYmplY3RzV05TLmtleXNWJGNsYXNzog8QgASABqISE4ACgAOAB1lhbGlhc0RhdGFccmVsYXRpdmVQYXRo0hgNGRpXTlMuZGF0YU8RAkYAAAAAAkYAAgAAA1VubwAAAAAAAAAAAAAAAAAAAAAAAAAAAAAAAMnQ4OlIKwAAAO2LiB9UaGUgdGVjaG5vbG9naWNhbGx5IzE1RkUzRkIucGRmAAAAAAAAAAAAAAAAAAAAAAAAAAAAAAAAAAAAAAAAAAABX+P7y6spqQAAAAAAAAAAAAEAAgAACSAAAAAAAAAAAAAAAAAAAAAKTGl0ZXJhdHVyZQAQAAgAAMnRGSkAAAARAAgAAMurYekAAAABABgA7YuIAOi6UgDEMQkAE7MeAA4NAQAODPQAAgBpVW5vOlVzZXJzOgBhcnRodXI6AERyb3Bib3g6ADFfc2hhcmU6AEJJT0lORiAzOTkwIC0gSW5kIFN0dWR5OgBMaXRlcmF0dXJlOgBUaGUgdGVjaG5vbG9naWNhbGx5IzE1RkUzRkIucGRmAAAOAGgAMwBUAGgAZQAgAHQAZQBjAGgAbgBvAGwAbwBnAGkAYwBhAGwAbAB5ACAAdwBlAGwAbAAtAGUAcQB1AGkAcABwAGUAZAAgAGQAZQBuAHQAYQBsACAAbwBmAGYAaQBjAGUALgBwAGQAZgAPAAgAAwBVAG4AbwASAHNVc2Vycy9hcnRodXIvRHJvcGJveC8xX3NoYXJlL0JJT0lORiAzOTkwIC0gSW5kIFN0dWR5L0xpdGVyYXR1cmUvVGhlIHRlY2hub2xvZ2ljYWxseSB3ZWxsLWVxdWlwcGVkIGRlbnRhbCBvZmZpY2UucGRmAAATAAEvAAAVAAIADf//AACABdIcHR4fWCRjbGFzc2VzWiRjbGFzc25hbWWjHyAhXU5TTXV0YWJsZURhdGFWTlNEYXRhWE5TT2JqZWN0XxBBLi4vTGl0ZXJhdHVyZS9UaGUgdGVjaG5vbG9naWNhbGx5IHdlbGwtZXF1aXBwZWQgZGVudGFsIG9mZmljZS5wZGbSHB0kJaIlIVxOU0RpY3Rpb25hcnkSAAGGoF8QD05TS2V5ZWRBcmNoaXZlcgAIABEAFgAfACgAMgA1ADoAPABFAEsAUgBdAGUAbABvAHEAcwB2AHgAegB8AIYAkwCYAKAC6gLsAvEC+gMFAwkDFwMeAycDawNwA3MDgAOFAAAAAAAAAgEAAAAAAAAAKAAAAAAAAAAAAAAAAAAAA5c=}}

@article{Jablow2003Your-practice-i,
	Author = {Jablow, M},
	Date-Added = {2012-04-11 16:23:24 +0000},
	Date-Modified = {2012-04-11 16:24:04 +0000},
	Journal = {J N J Dent Assoc},
	Keywords = {handheld},
	Number = {1},
	Pages = {8-9},
	Title = {Your practice in the palm of your hand},
	Volume = {74},
	Year = {2003 Winter}}

@article{Baumgart2005Personal-digita,
	Author = {Baumgart, DC},
	Date-Added = {2012-04-11 16:20:03 +0000},
	Date-Modified = {2012-04-11 16:23:47 +0000},
	Journal = {Lancet},
	Keywords = {handheld},
	Month = {Oct},
	Pages = {1210-22},
	Title = {Personal digital assistants in health care: experienced clinicians in the palm of your hand?},
	Volume = {366},
	Year = {2005},
	Bdsk-File-1 = {YnBsaXN0MDDUAQIDBAUIJidUJHRvcFgkb2JqZWN0c1gkdmVyc2lvblkkYXJjaGl2ZXLRBgdUcm9vdIABqAkKFRYXGyIjVSRudWxs0wsMDQ4RFFpOUy5vYmplY3RzV05TLmtleXNWJGNsYXNzog8QgASABqISE4ACgAOAB1lhbGlhc0RhdGFccmVsYXRpdmVQYXRo0hgNGRpXTlMuZGF0YU8RAswAAAAAAswAAgAAA1VubwAAAAAAAAAAAAAAAAAAAAAAAAAAAAAAAMnQ4OlIKwAAAO2LiB9QZXJzb25hbCBkaWdpdGFsIGFzIzE1RkRGMkIucGRmAAAAAAAAAAAAAAAAAAAAAAAAAAAAAAAAAAAAAAAAAAABX98ry6snuQAAAAAAAAAAAAEAAgAACSAAAAAAAAAAAAAAAAAAAAAKTGl0ZXJhdHVyZQAQAAgAAMnRGSkAAAARAAgAAMurX/kAAAABABgA7YuIAOi6UgDEMQkAE7MeAA4NAQAODPQAAgBpVW5vOlVzZXJzOgBhcnRodXI6AERyb3Bib3g6ADFfc2hhcmU6AEJJT0lORiAzOTkwIC0gSW5kIFN0dWR5OgBMaXRlcmF0dXJlOgBQZXJzb25hbCBkaWdpdGFsIGFzIzE1RkRGMkIucGRmAAAOAMIAYABQAGUAcgBzAG8AbgBhAGwAIABkAGkAZwBpAHQAYQBsACAAYQBzAHMAaQBzAHQAYQBuAHQAcwAgAGkAbgAgAGgAZQBhAGwAdABoACAAYwBhAHIAZQAtACAAZQB4AHAAZQByAGkAZQBuAGMAZQBkACAAYwBsAGkAbgBpAGMAaQBhAG4AcwAgAGkAbgAgAHQAaABlACAAcABhAGwAbQAgAG8AZgAgAHkAbwB1AHIAIABoAGEAbgBkAD8ALgBwAGQAZgAPAAgAAwBVAG4AbwASAKBVc2Vycy9hcnRodXIvRHJvcGJveC8xX3NoYXJlL0JJT0lORiAzOTkwIC0gSW5kIFN0dWR5L0xpdGVyYXR1cmUvUGVyc29uYWwgZGlnaXRhbCBhc3Npc3RhbnRzIGluIGhlYWx0aCBjYXJlLSBleHBlcmllbmNlZCBjbGluaWNpYW5zIGluIHRoZSBwYWxtIG9mIHlvdXIgaGFuZD8ucGRmABMAAS8AABUAAgAN//8AAIAF0hwdHh9YJGNsYXNzZXNaJGNsYXNzbmFtZaMfICFdTlNNdXRhYmxlRGF0YVZOU0RhdGFYTlNPYmplY3RfEG4uLi9MaXRlcmF0dXJlL1BlcnNvbmFsIGRpZ2l0YWwgYXNzaXN0YW50cyBpbiBoZWFsdGggY2FyZS0gZXhwZXJpZW5jZWQgY2xpbmljaWFucyBpbiB0aGUgcGFsbSBvZiB5b3VyIGhhbmQ/LnBkZtIcHSQloiUhXE5TRGljdGlvbmFyeRIAAYagXxAPTlNLZXllZEFyY2hpdmVyAAgAEQAWAB8AKAAyADUAOgA8AEUASwBSAF0AZQBsAG8AcQBzAHYAeAB6AHwAhgCTAJgAoANwA3IDdwOAA4sDjwOdA6QDrQQeBCMEJgQzBDgAAAAAAAACAQAAAAAAAAAoAAAAAAAAAAAAAAAAAAAESg==}}

@article{Lu2005A-review-and-a-,
	Author = {Lu, YC and Xiao, Y and Sears, A and Jacko, JA},
	Date-Added = {2012-04-11 16:16:31 +0000},
	Date-Modified = {2012-04-11 16:18:26 +0000},
	Journal = {Int J Med Inform},
	Keywords = {handheld},
	Month = {Apr},
	Number = {5},
	Pages = {409-22},
	Title = {A review and a framework of handheld computer adoption in healthcare},
	Volume = {74},
	Year = {2005},
	Bdsk-File-1 = {YnBsaXN0MDDUAQIDBAUIJidUJHRvcFgkb2JqZWN0c1gkdmVyc2lvblkkYXJjaGl2ZXLRBgdUcm9vdIABqAkKFRYXGyIjVSRudWxs0wsMDQ4RFFpOUy5vYmplY3RzV05TLmtleXNWJGNsYXNzog8QgASABqISE4ACgAOAB1lhbGlhc0RhdGFccmVsYXRpdmVQYXRo0hgNGRpXTlMuZGF0YU8RAoQAAAAAAoQAAgAAA1VubwAAAAAAAAAAAAAAAAAAAAAAAAAAAAAAAMnQ4OlIKwAAAO2LiB9BIHJldmlldyBhbmQgYSBmcmFtIzE1RkRCNUMucGRmAAAAAAAAAAAAAAAAAAAAAAAAAAAAAAAAAAAAAAAAAAABX9tcy6snKwAAAAAAAAAAAAEAAgAACSAAAAAAAAAAAAAAAAAAAAAKTGl0ZXJhdHVyZQAQAAgAAMnRGSkAAAARAAgAAMurX2sAAAABABgA7YuIAOi6UgDEMQkAE7MeAA4NAQAODPQAAgBpVW5vOlVzZXJzOgBhcnRodXI6AERyb3Bib3g6ADFfc2hhcmU6AEJJT0lORiAzOTkwIC0gSW5kIFN0dWR5OgBMaXRlcmF0dXJlOgBBIHJldmlldyBhbmQgYSBmcmFtIzE1RkRCNUMucGRmAAAOAJIASABBACAAcgBlAHYAaQBlAHcAIABhAG4AZAAgAGEAIABmAHIAYQBtAGUAdwBvAHIAawAgAG8AZgAgAGgAYQBuAGQAaABlAGwAZAAgAGMAbwBtAHAAdQB0AGUAcgAgAGEAZABvAHAAdABpAG8AbgAgAGkAbgAgAGgAZQBhAGwAdABoAGMAYQByAGUALgBwAGQAZgAPAAgAAwBVAG4AbwASAIhVc2Vycy9hcnRodXIvRHJvcGJveC8xX3NoYXJlL0JJT0lORiAzOTkwIC0gSW5kIFN0dWR5L0xpdGVyYXR1cmUvQSByZXZpZXcgYW5kIGEgZnJhbWV3b3JrIG9mIGhhbmRoZWxkIGNvbXB1dGVyIGFkb3B0aW9uIGluIGhlYWx0aGNhcmUucGRmABMAAS8AABUAAgAN//8AAIAF0hwdHh9YJGNsYXNzZXNaJGNsYXNzbmFtZaMfICFdTlNNdXRhYmxlRGF0YVZOU0RhdGFYTlNPYmplY3RfEFYuLi9MaXRlcmF0dXJlL0EgcmV2aWV3IGFuZCBhIGZyYW1ld29yayBvZiBoYW5kaGVsZCBjb21wdXRlciBhZG9wdGlvbiBpbiBoZWFsdGhjYXJlLnBkZtIcHSQloiUhXE5TRGljdGlvbmFyeRIAAYagXxAPTlNLZXllZEFyY2hpdmVyAAgAEQAWAB8AKAAyADUAOgA8AEUASwBSAF0AZQBsAG8AcQBzAHYAeAB6AHwAhgCTAJgAoAMoAyoDLwM4A0MDRwNVA1wDZQO+A8MDxgPTA9gAAAAAAAACAQAAAAAAAAAoAAAAAAAAAAAAAAAAAAAD6g==}}

@article{Flores-Mir2006Perceptions-and,
	Author = {Flores-Mir, C and Palmer, NG and Northcott, HC and Khurshed, F and Major, PW},
	Date-Added = {2012-04-11 16:11:44 +0000},
	Date-Modified = {2012-04-11 16:15:43 +0000},
	Journal = {J Can Dent Assoc},
	Keywords = {background},
	Month = {Apr},
	Number = {3},
	Pages = {243},
	Title = {Perceptions and attitudes of Canadian dentists toward digital and electronic technologies},
	Volume = {72},
	Year = {2006},
	Bdsk-File-1 = {YnBsaXN0MDDUAQIDBAUIJidUJHRvcFgkb2JqZWN0c1gkdmVyc2lvblkkYXJjaGl2ZXLRBgdUcm9vdIABqAkKFRYXGyIjVSRudWxs0wsMDQ4RFFpOUy5vYmplY3RzV05TLmtleXNWJGNsYXNzog8QgASABqISE4ACgAOAB1lhbGlhc0RhdGFccmVsYXRpdmVQYXRo0hgNGRpXTlMuZGF0YU8RAsQAAAAAAsQAAgAAA1VubwAAAAAAAAAAAAAAAAAAAAAAAAAAAAAAAMnQ4OlIKwAAAO2LiB9QZXJjZXB0aW9ucyBhbmQgQXR0IzE1RkQ3QkQucGRmAAAAAAAAAAAAAAAAAAAAAAAAAAAAAAAAAAAAAAAAAAABX9e9y6sl4AAAAAAAAAAAAAEAAgAACSAAAAAAAAAAAAAAAAAAAAAKTGl0ZXJhdHVyZQAQAAgAAMnRGSkAAAARAAgAAMurXiAAAAABABgA7YuIAOi6UgDEMQkAE7MeAA4NAQAODPQAAgBpVW5vOlVzZXJzOgBhcnRodXI6AERyb3Bib3g6ADFfc2hhcmU6AEJJT0lORiAzOTkwIC0gSW5kIFN0dWR5OgBMaXRlcmF0dXJlOgBQZXJjZXB0aW9ucyBhbmQgQXR0IzE1RkQ3QkQucGRmAAAOALwAXQBQAGUAcgBjAGUAcAB0AGkAbwBuAHMAIABhAG4AZAAgAEEAdAB0AGkAdAB1AGQAZQBzACAAbwBmACAAQwBhAG4AYQBkAGkAYQBuACAARABlAG4AdABpAHMAdABzACAAdABvAHcAYQByAGQAIABEAGkAZwBpAHQAYQBsACAAYQBuAGQAIABFAGwAZQBjAHQAcgBvAG4AaQBjACAAVABlAGMAaABuAG8AbABvAGcAaQBlAHMALgBwAGQAZgAPAAgAAwBVAG4AbwASAJ1Vc2Vycy9hcnRodXIvRHJvcGJveC8xX3NoYXJlL0JJT0lORiAzOTkwIC0gSW5kIFN0dWR5L0xpdGVyYXR1cmUvUGVyY2VwdGlvbnMgYW5kIEF0dGl0dWRlcyBvZiBDYW5hZGlhbiBEZW50aXN0cyB0b3dhcmQgRGlnaXRhbCBhbmQgRWxlY3Ryb25pYyBUZWNobm9sb2dpZXMucGRmAAATAAEvAAAVAAIADf//AACABdIcHR4fWCRjbGFzc2VzWiRjbGFzc25hbWWjHyAhXU5TTXV0YWJsZURhdGFWTlNEYXRhWE5TT2JqZWN0XxBrLi4vTGl0ZXJhdHVyZS9QZXJjZXB0aW9ucyBhbmQgQXR0aXR1ZGVzIG9mIENhbmFkaWFuIERlbnRpc3RzIHRvd2FyZCBEaWdpdGFsIGFuZCBFbGVjdHJvbmljIFRlY2hub2xvZ2llcy5wZGbSHB0kJaIlIVxOU0RpY3Rpb25hcnkSAAGGoF8QD05TS2V5ZWRBcmNoaXZlcgAIABEAFgAfACgAMgA1ADoAPABFAEsAUgBdAGUAbABvAHEAcwB2AHgAegB8AIYAkwCYAKADaANqA28DeAODA4cDlQOcA6UEEwQYBBsEKAQtAAAAAAAAAgEAAAAAAAAAKAAAAAAAAAAAAAAAAAAABD8=}}

@article{Silvey2006User-interface-,
	Author = {Silvey, GM and Lobach, DF and Macri, JM and Hunt, M and Kacmaz, RO and Lee, PP},
	Date-Added = {2012-04-11 16:05:03 +0000},
	Date-Modified = {2012-04-11 16:06:40 +0000},
	Journal = {AMIA Annu Symp Proc},
	Keywords = {design},
	Pages = {1096},
	Title = {User interface consdierations for collecting data at the point of care in the tablet PC computing environment},
	Year = {2006},
	Bdsk-File-1 = {YnBsaXN0MDDUAQIDBAUIJidUJHRvcFgkb2JqZWN0c1gkdmVyc2lvblkkYXJjaGl2ZXLRBgdUcm9vdIABqAkKFRYXGyIjVSRudWxs0wsMDQ4RFFpOUy5vYmplY3RzV05TLmtleXNWJGNsYXNzog8QgASABqISE4ACgAOAB1lhbGlhc0RhdGFccmVsYXRpdmVQYXRo0hgNGRpXTlMuZGF0YU8RAwAAAAAAAwAAAgAAA1VubwAAAAAAAAAAAAAAAAAAAAAAAAAAAAAAAMnQ4OlIKwAAAO2LiB9Vc2VyIEludGVyZmFjZSBDb25zIzE1RkQ1MzQucGRmAAAAAAAAAAAAAAAAAAAAAAAAAAAAAAAAAAAAAAAAAAABX9U0y6skgwAAAAAAAAAAAAEAAgAACSAAAAAAAAAAAAAAAAAAAAAKTGl0ZXJhdHVyZQAQAAgAAMnRGSkAAAARAAgAAMurXMMAAAABABgA7YuIAOi6UgDEMQkAE7MeAA4NAQAODPQAAgBpVW5vOlVzZXJzOgBhcnRodXI6AERyb3Bib3g6ADFfc2hhcmU6AEJJT0lORiAzOTkwIC0gSW5kIFN0dWR5OgBMaXRlcmF0dXJlOgBVc2VyIEludGVyZmFjZSBDb25zIzE1RkQ1MzQucGRmAAAOAOQAcQBVAHMAZQByACAASQBuAHQAZQByAGYAYQBjAGUAIABDAG8AbgBzAGkAZABlAHIAYQB0AGkAbwBuAHMAIABmAG8AcgAgAEMAbwBsAGwAZQBjAHQAaQBuAGcAIABEAGEAdABhACAAYQB0ACAAdABoAGUAIABQAG8AaQBuAHQAIABvAGYAIABDAGEAcgBlACAAaQBuACAAdABoAGUAIABUAGEAYgBsAGUAdAAgAFAAQwAgAEMAbwBtAHAAdQB0AGkAbgBnACAARQBuAHYAaQByAG8AbgBtAGUAbgB0AC4AcABkAGYADwAIAAMAVQBuAG8AEgCxVXNlcnMvYXJ0aHVyL0Ryb3Bib3gvMV9zaGFyZS9CSU9JTkYgMzk5MCAtIEluZCBTdHVkeS9MaXRlcmF0dXJlL1VzZXIgSW50ZXJmYWNlIENvbnNpZGVyYXRpb25zIGZvciBDb2xsZWN0aW5nIERhdGEgYXQgdGhlIFBvaW50IG9mIENhcmUgaW4gdGhlIFRhYmxldCBQQyBDb21wdXRpbmcgRW52aXJvbm1lbnQucGRmAAATAAEvAAAVAAIADf//AACABdIcHR4fWCRjbGFzc2VzWiRjbGFzc25hbWWjHyAhXU5TTXV0YWJsZURhdGFWTlNEYXRhWE5TT2JqZWN0XxB/Li4vTGl0ZXJhdHVyZS9Vc2VyIEludGVyZmFjZSBDb25zaWRlcmF0aW9ucyBmb3IgQ29sbGVjdGluZyBEYXRhIGF0IHRoZSBQb2ludCBvZiBDYXJlIGluIHRoZSBUYWJsZXQgUEMgQ29tcHV0aW5nIEVudmlyb25tZW50LnBkZtIcHSQloiUhXE5TRGljdGlvbmFyeRIAAYagXxAPTlNLZXllZEFyY2hpdmVyAAgAEQAWAB8AKAAyADUAOgA8AEUASwBSAF0AZQBsAG8AcQBzAHYAeAB6AHwAhgCTAJgAoAOkA6YDqwO0A78DwwPRA9gD4QRjBGgEawR4BH0AAAAAAAACAQAAAAAAAAAoAAAAAAAAAAAAAAAAAAAEjw==}}

@article{Forsell2008A-personal-digi,
	Author = {Forsell, M and H\"{a}ggstr\"{o}m, M and Johansson, O and Sj\"{o}gren, P},
	Date-Added = {2012-04-11 16:01:32 +0000},
	Date-Modified = {2012-04-11 16:04:22 +0000},
	Journal = {Br Dent J},
	Keywords = {records},
	Month = {Oct},
	Number = {9},
	Pages = {E17; discussion 495-5},
	Title = {A personal digital assistant application (MobilDent) for dental fieldwork data collection, information management and database handling},
	Volume = {205},
	Year = {2008}}

@article{Cardelli2011New-online-mana,
	Abstract = {The way we collect, store, and share dental records of our patients is rapidly becoming digital. Many programs have been designed to run on a single computer or local network to handle various tasks, so selecting a system can be complex; it can require high acquisition costs, update fees, and installation difficulties. The purpose of this article is to explain the architecture, characteristics, and advantages related to Web-based Management Software. In particular, this article describes the first Web-based Electronic Medical Record (DocSapiens.com), which is able to view and edit DICOM files directly online.},
	Author = {Cardelli, P and Turrini, R and Bulletti, A and Castelli, G and Vanini, A and Pagnoni, A},
	Date-Added = {2012-04-11 13:53:13 +0000},
	Date-Modified = {2012-04-11 13:55:41 +0000},
	Journal = {Int J Comput Dent},
	Keywords = {records},
	Number = {2},
	Pages = {147-53},
	Title = {New online management software and DICOM viewer for dentistry},
	Volume = {14},
	Year = {2011}}

@article{Fricton2011The-effect-of-e,
	Author = {Fricton, J and Rindal, DB and Rush, W and Flottemesch, T and Vazquez, G and Thoele, MJ and Durand, E and Enstad, C and Rhodus N},
	Date-Added = {2012-04-11 13:46:31 +0000},
	Date-Modified = {2012-04-11 13:52:24 +0000},
	Journal = {J Am Dent Assoc},
	Keywords = {decision-support dentistry},
	Month = {Oct},
	Number = {10},
	Pages = {1133-42},
	Title = {The effect of electronic health records on the use of clinical care guidelines for patients with medically complex conditions},
	Volume = {142},
	Year = {2011},
	Bdsk-File-1 = {YnBsaXN0MDDUAQIDBAUIJidUJHRvcFgkb2JqZWN0c1gkdmVyc2lvblkkYXJjaGl2ZXLRBgdUcm9vdIABqAkKFRYXGyIjVSRudWxs0wsMDQ4RFFpOUy5vYmplY3RzV05TLmtleXNWJGNsYXNzog8QgASABqISE4ACgAOAB1lhbGlhc0RhdGFccmVsYXRpdmVQYXRo0hgNGRpXTlMuZGF0YU8RAvAAAAAAAvAAAgAAA1VubwAAAAAAAAAAAAAAAAAAAAAAAAAAAAAAAMnQ4OlIKwAAAO2LiB9UaGUgZWZmZWN0IG9mIEVIUnMgIzE1RkNCM0EucGRmAAAAAAAAAAAAAAAAAAAAAAAAAAAAAAAAAAAAAAAAAAABX8s6y6shywAAAAAAAAAAAAEAAgAACSAAAAAAAAAAAAAAAAAAAAAKTGl0ZXJhdHVyZQAQAAgAAMnRGSkAAAARAAgAAMurWgsAAAABABgA7YuIAOi6UgDEMQkAE7MeAA4NAQAODPQAAgBpVW5vOlVzZXJzOgBhcnRodXI6AERyb3Bib3g6ADFfc2hhcmU6AEJJT0lORiAzOTkwIC0gSW5kIFN0dWR5OgBMaXRlcmF0dXJlOgBUaGUgZWZmZWN0IG9mIEVIUnMgIzE1RkNCM0EucGRmAAAOANoAbABUAGgAZQAgAGUAZgBmAGUAYwB0ACAAbwBmACAARQBIAFIAcwAgAG8AbgAgAHQAaABlACAAdQBzAGUAIABvAGYAIABjAGwAaQBuAGkAYwBhAGwAIABjAGEAcgBlACAAZwB1AGkAZABlAGwAaQBuAGUAcwAgAGYAbwByACAAcABhAHQAaQBlAG4AdABzACAAdwBpAHQAaAAgAG0AZQBkAGkAYwBhAGwAbAB5ACAAYwBvAG0AcABsAGUAeAAgAGMAbwBuAGQAaQB0AGkAbwBuAHMALgBwAGQAZgAPAAgAAwBVAG4AbwASAKxVc2Vycy9hcnRodXIvRHJvcGJveC8xX3NoYXJlL0JJT0lORiAzOTkwIC0gSW5kIFN0dWR5L0xpdGVyYXR1cmUvVGhlIGVmZmVjdCBvZiBFSFJzIG9uIHRoZSB1c2Ugb2YgY2xpbmljYWwgY2FyZSBndWlkZWxpbmVzIGZvciBwYXRpZW50cyB3aXRoIG1lZGljYWxseSBjb21wbGV4IGNvbmRpdGlvbnMucGRmABMAAS8AABUAAgAN//8AAIAF0hwdHh9YJGNsYXNzZXNaJGNsYXNzbmFtZaMfICFdTlNNdXRhYmxlRGF0YVZOU0RhdGFYTlNPYmplY3RfEHouLi9MaXRlcmF0dXJlL1RoZSBlZmZlY3Qgb2YgRUhScyBvbiB0aGUgdXNlIG9mIGNsaW5pY2FsIGNhcmUgZ3VpZGVsaW5lcyBmb3IgcGF0aWVudHMgd2l0aCBtZWRpY2FsbHkgY29tcGxleCBjb25kaXRpb25zLnBkZtIcHSQloiUhXE5TRGljdGlvbmFyeRIAAYagXxAPTlNLZXllZEFyY2hpdmVyAAgAEQAWAB8AKAAyADUAOgA8AEUASwBSAF0AZQBsAG8AcQBzAHYAeAB6AHwAhgCTAJgAoAOUA5YDmwOkA68DswPBA8gD0QROBFMEVgRjBGgAAAAAAAACAQAAAAAAAAAoAAAAAAAAAAAAAAAAAAAEeg==}}

@article{McAndrew2012A-comparison-of,
	Author = {McAndrew, R and Ban, J and Playle, R},
	Date-Added = {2012-04-11 13:43:23 +0000},
	Date-Modified = {2012-04-11 13:45:44 +0000},
	Journal = {Eur J Dent Educ},
	Keywords = {decision making; data entry},
	Month = {Feb},
	Number = {1},
	Pages = {e117-21},
	Title = {A comparison of computer- and hand-generated clinical dental notes with statutory regulations in record keeping},
	Volume = {16},
	Year = {2012},
	Bdsk-File-1 = {YnBsaXN0MDDUAQIDBAUIJidUJHRvcFgkb2JqZWN0c1gkdmVyc2lvblkkYXJjaGl2ZXLRBgdUcm9vdIABqAkKFRYXGyIjVSRudWxs0wsMDQ4RFFpOUy5vYmplY3RzV05TLmtleXNWJGNsYXNzog8QgASABqISE4ACgAOAB1lhbGlhc0RhdGFccmVsYXRpdmVQYXRo0hgNGRpXTlMuZGF0YU8RAwYAAAAAAwYAAgAAA1VubwAAAAAAAAAAAAAAAAAAAAAAAAAAAAAAAMnQ4OlIKwAAAO2LiB9BIGNvbXBhcmlzb24gb2YgY29tIzE1RUVBNzAucGRmAAAAAAAAAAAAAAAAAAAAAAAAAAAAAAAAAAAAAAAAAAABXupwy6sDCwAAAAAAAAAAAAEAAgAACSAAAAAAAAAAAAAAAAAAAAAKTGl0ZXJhdHVyZQAQAAgAAMnRGSkAAAARAAgAAMurO0sAAAABABgA7YuIAOi6UgDEMQkAE7MeAA4NAQAODPQAAgBpVW5vOlVzZXJzOgBhcnRodXI6AERyb3Bib3g6ADFfc2hhcmU6AEJJT0lORiAzOTkwIC0gSW5kIFN0dWR5OgBMaXRlcmF0dXJlOgBBIGNvbXBhcmlzb24gb2YgY29tIzE1RUVBNzAucGRmAAAOAOgAcwBBACAAYwBvAG0AcABhAHIAaQBzAG8AbgAgAG8AZgAgAGMAbwBtAHAAdQB0AGUAcgAtACAAYQBuAGQAIABoAGEAbgBkAC0AZwBlAG4AZQByAGEAdABlAGQAIABjAGwAaQBuAGkAYwBhAGwAIABkAGUAbgB0AGEAbAAgAG4AbwB0AGUAcwAgAHcAaQB0AGgAIABzAHQAYQB0AHUAdABvAHIAeQAgAHIAZQBnAHUAbABhAHQAaQBvAG4AcwAgAGkAbgAgAHIAZQBjAG8AcgBkACAAawBlAGUAcABpAG4AZwAuAHAAZABmAA8ACAADAFUAbgBvABIAs1VzZXJzL2FydGh1ci9Ecm9wYm94LzFfc2hhcmUvQklPSU5GIDM5OTAgLSBJbmQgU3R1ZHkvTGl0ZXJhdHVyZS9BIGNvbXBhcmlzb24gb2YgY29tcHV0ZXItIGFuZCBoYW5kLWdlbmVyYXRlZCBjbGluaWNhbCBkZW50YWwgbm90ZXMgd2l0aCBzdGF0dXRvcnkgcmVndWxhdGlvbnMgaW4gcmVjb3JkIGtlZXBpbmcucGRmAAATAAEvAAAVAAIADf//AACABdIcHR4fWCRjbGFzc2VzWiRjbGFzc25hbWWjHyAhXU5TTXV0YWJsZURhdGFWTlNEYXRhWE5TT2JqZWN0XxCBLi4vTGl0ZXJhdHVyZS9BIGNvbXBhcmlzb24gb2YgY29tcHV0ZXItIGFuZCBoYW5kLWdlbmVyYXRlZCBjbGluaWNhbCBkZW50YWwgbm90ZXMgd2l0aCBzdGF0dXRvcnkgcmVndWxhdGlvbnMgaW4gcmVjb3JkIGtlZXBpbmcucGRm0hwdJCWiJSFcTlNEaWN0aW9uYXJ5EgABhqBfEA9OU0tleWVkQXJjaGl2ZXIACAARABYAHwAoADIANQA6ADwARQBLAFIAXQBlAGwAbwBxAHMAdgB4AHoAfACGAJMAmACgA6oDrAOxA7oDxQPJA9cD3gPnBGsEcARzBIAEhQAAAAAAAAIBAAAAAAAAACgAAAAAAAAAAAAAAAAAAASX}}

@inproceedings{Salvucci2009Toward-a-unifie,
	Address = {New York, NY},
	Author = {Salvucci, DD and Taatgen, NA and Jelmer, PB},
	Booktitle = {Proceedings of the 27th international conference on Human factors in computing systems},
	Date-Added = {2012-04-09 14:14:24 +0000},
	Date-Modified = {2012-04-09 14:22:35 +0000},
	Keywords = {cognitive task analysis},
	Pages = {1819--28},
	Publisher = {ACM},
	Series = {CHI '09--Boston, MA},
	Title = {Toward a unified theory of the multitasking continuum: from concurrent performance to task switching, interruption, and resumption},
	Year = {2009},
	Bdsk-File-1 = {YnBsaXN0MDDUAQIDBAUIJidUJHRvcFgkb2JqZWN0c1gkdmVyc2lvblkkYXJjaGl2ZXLRBgdUcm9vdIABqAkKFRYXGyIjVSRudWxs0wsMDQ4RFFpOUy5vYmplY3RzV05TLmtleXNWJGNsYXNzog8QgASABqISE4ACgAOAB1lhbGlhc0RhdGFccmVsYXRpdmVQYXRo0hgNGRpXTlMuZGF0YU8RAz4AAAAAAz4AAgAAA1VubwAAAAAAAAAAAAAAAAAAAAAAAAAAAAAAAMnQ4OlIKwAAAO2LiB9Ub3dhcmQgYSBVbmlmaWVkIFRoIzE1NDA3NTQucGRmAAAAAAAAAAAAAAAAAAAAAAAAAAAAAAAAAAAAAAAAAAABVAdUy6hoXwAAAAAAAAAAAAEAAgAACSAAAAAAAAAAAAAAAAAAAAAKTGl0ZXJhdHVyZQAQAAgAAMnRGSkAAAARAAgAAMuooJ8AAAABABgA7YuIAOi6UgDEMQkAE7MeAA4NAQAODPQAAgBpVW5vOlVzZXJzOgBhcnRodXI6AERyb3Bib3g6ADFfc2hhcmU6AEJJT0lORiAzOTkwIC0gSW5kIFN0dWR5OgBMaXRlcmF0dXJlOgBUb3dhcmQgYSBVbmlmaWVkIFRoIzE1NDA3NTQucGRmAAAOAQ4AhgBUAG8AdwBhAHIAZAAgAGEAIABVAG4AaQBmAGkAZQBkACAAVABoAGUAbwByAHkAIABvAGYAIAB0AGgAZQAgAE0AdQBsAHQAaQB0AGEAcwBrAGkAbgBnACAAQwBvAG4AdABpAG4AdQB1AG0ALQAgAEYAcgBvAG0AIABDAG8AbgBjAHUAcgByAGUAbgB0ACAAUABlAHIAZgBvAHIAbQBhAG4AYwBlACAAdABvACAAVABhAHMAawAgAFMAdwBpAHQAYwBoAGkAbgBnACwAIABJAG4AdABlAHIAcgB1AHAAdABpAG8AbgAsACAAYQBuAGQAIABSAGUAcwB1AG0AcAB0AGkAbwBuAC4AcABkAGYADwAIAAMAVQBuAG8AEgDGVXNlcnMvYXJ0aHVyL0Ryb3Bib3gvMV9zaGFyZS9CSU9JTkYgMzk5MCAtIEluZCBTdHVkeS9MaXRlcmF0dXJlL1Rvd2FyZCBhIFVuaWZpZWQgVGhlb3J5IG9mIHRoZSBNdWx0aXRhc2tpbmcgQ29udGludXVtLSBGcm9tIENvbmN1cnJlbnQgUGVyZm9ybWFuY2UgdG8gVGFzayBTd2l0Y2hpbmcsIEludGVycnVwdGlvbiwgYW5kIFJlc3VtcHRpb24ucGRmABMAAS8AABUAAgAN//8AAIAF0hwdHh9YJGNsYXNzZXNaJGNsYXNzbmFtZaMfICFdTlNNdXRhYmxlRGF0YVZOU0RhdGFYTlNPYmplY3RfEJQuLi9MaXRlcmF0dXJlL1Rvd2FyZCBhIFVuaWZpZWQgVGhlb3J5IG9mIHRoZSBNdWx0aXRhc2tpbmcgQ29udGludXVtLSBGcm9tIENvbmN1cnJlbnQgUGVyZm9ybWFuY2UgdG8gVGFzayBTd2l0Y2hpbmcsIEludGVycnVwdGlvbiwgYW5kIFJlc3VtcHRpb24ucGRm0hwdJCWiJSFcTlNEaWN0aW9uYXJ5EgABhqBfEA9OU0tleWVkQXJjaGl2ZXIACAARABYAHwAoADIANQA6ADwARQBLAFIAXQBlAGwAbwBxAHMAdgB4AHoAfACGAJMAmACgA+ID5APpA/ID/QQBBA8EFgQfBLYEuwS+BMsE0AAAAAAAAAIBAAAAAAAAACgAAAAAAAAAAAAAAAAAAATi}}

@article{Schleyer2007A-Qualitative-I,
	Author = {Schleyer, TK and Spallek, H and Hernandez, P},
	Date-Added = {2012-04-08 18:02:44 +0000},
	Date-Modified = {2012-04-08 18:04:13 +0000},
	Journal = {J Am Med Inform Assoc},
	Keywords = {background},
	Month = {Jul-Aug},
	Number = {4},
	Pages = {515-26},
	Title = {A Qualitative Investigation of the Content of Dental Paper-based and Computer-based Patient Record Formats},
	Volume = {14},
	Year = {2007},
	Bdsk-File-1 = {YnBsaXN0MDDUAQIDBAUIJidUJHRvcFgkb2JqZWN0c1gkdmVyc2lvblkkYXJjaGl2ZXLRBgdUcm9vdIABqAkKFRYXGyIjVSRudWxs0wsMDQ4RFFpOUy5vYmplY3RzV05TLmtleXNWJGNsYXNzog8QgASABqISE4ACgAOAB1lhbGlhc0RhdGFccmVsYXRpdmVQYXRo0hgNGRpXTlMuZGF0YU8RAr4AAAAAAr4AAgAAA1VubwAAAAAAAAAAAAAAAAAAAAAAAAAAAAAAAMnQ4OlIKwAAAKxlXh9BIHF1YWxpdGF0aXZlIGludmVzdCNBQzVFMjkucGRmAAAAAAAAAAAAAAAAAAAAAAAAAAAAAAAAAAAAAAAAAAAArF4pyshZ4wAAAAAAAAAAAAMAAwAACSAAAAAAAAAAAAAAAAAAAAAMQ0RJIFJlc2VhcmNoABAACAAAydEZKQAAABEACAAAysiSIwAAAAEAFACsZV4AE7naABOzHgAODQEADgz0AAIATlVubzpVc2VyczoAYXJ0aHVyOgBEcm9wYm94OgBDREk6AENESSBSZXNlYXJjaDoAQSBxdWFsaXRhdGl2ZSBpbnZlc3QjQUM1RTI5LnBkZgAOAN4AbgBBACAAcQB1AGEAbABpAHQAYQB0AGkAdgBlACAAaQBuAHYAZQBzAHQAaQBnAGEAdABpAG8AbgAgAG8AZgAgAHQAaABlACAAYwBvAG4AdABlAG4AdAAgAG8AZgAgAGQAZQBuAHQAYQBsACAAcABhAHAAZQByAC0AYgBhAHMAZQBkACAAYQBuAGQAIABjAG8AbQBwAHUAdABlAHIALQBiAGEAcwBlAGQAIABwAGEAdABpAGUAbgB0ACAAcgBlAGMAbwByAGQAIABmAG8AcgBtAGEAdABzAC4AcABkAGYADwAIAAMAVQBuAG8AEgCUVXNlcnMvYXJ0aHVyL0Ryb3Bib3gvQ0RJL0NESSBSZXNlYXJjaC9BIHF1YWxpdGF0aXZlIGludmVzdGlnYXRpb24gb2YgdGhlIGNvbnRlbnQgb2YgZGVudGFsIHBhcGVyLWJhc2VkIGFuZCBjb21wdXRlci1iYXNlZCBwYXRpZW50IHJlY29yZCBmb3JtYXRzLnBkZgATAAEvAAAVAAIADf//AACABdIcHR4fWCRjbGFzc2VzWiRjbGFzc25hbWWjHyAhXU5TTXV0YWJsZURhdGFWTlNEYXRhWE5TT2JqZWN0XxCILi4vLi4vLi4vQ0RJL0NESSBSZXNlYXJjaC9BIHF1YWxpdGF0aXZlIGludmVzdGlnYXRpb24gb2YgdGhlIGNvbnRlbnQgb2YgZGVudGFsIHBhcGVyLWJhc2VkIGFuZCBjb21wdXRlci1iYXNlZCBwYXRpZW50IHJlY29yZCBmb3JtYXRzLnBkZtIcHSQloiUhXE5TRGljdGlvbmFyeRIAAYagXxAPTlNLZXllZEFyY2hpdmVyAAgAEQAWAB8AKAAyADUAOgA8AEUASwBSAF0AZQBsAG8AcQBzAHYAeAB6AHwAhgCTAJgAoANiA2QDaQNyA30DgQOPA5YDnwQqBC8EMgQ/BEQAAAAAAAACAQAAAAAAAAAoAAAAAAAAAAAAAAAAAAAEVg==}}

@techreport{Levine2010,
	Annote = {87% of survey respondents said they own practice management software, while 58% own 
digital radiography systems with an additional 21% planning to purchase the technology},
	Author = {Levine, N},
	Date-Added = {2012-04-08 02:48:40 +0000},
	Date-Modified = {2012-04-08 03:00:25 +0000},
	Institution = {Dental Products Report},
	Keywords = {background},
	Lastchecked = {April 4, 2012},
	Month = {September},
	Title = {Tech Experts Chart a Digital Path},
	Url = {http://www.prideinstitute.com/assets/articles/TechExpertsChartADigitalPath.pdf},
	Year = {2010},
	Bdsk-File-1 = {YnBsaXN0MDDUAQIDBAUIJidUJHRvcFgkb2JqZWN0c1gkdmVyc2lvblkkYXJjaGl2ZXLRBgdUcm9vdIABqAkKFRYXGyIjVSRudWxs0wsMDQ4RFFpOUy5vYmplY3RzV05TLmtleXNWJGNsYXNzog8QgASABqISE4ACgAOAB1lhbGlhc0RhdGFccmVsYXRpdmVQYXRo0hgNGRpXTlMuZGF0YU8RAgwAAAAAAgwAAgAAA1VubwAAAAAAAAAAAAAAAAAAAAAAAAAAAAAAAMnQ4OlIKwAAAO2LiB9UZWNoRXhwZXJ0c0NoYXJ0QURpIzE1MTg3MTAucGRmAAAAAAAAAAAAAAAAAAAAAAAAAAAAAAAAAAAAAAAAAAABUYcQy6Z1wQAAAAAAAAAAAAEAAgAACSAAAAAAAAAAAAAAAAAAAAAKTGl0ZXJhdHVyZQAQAAgAAMnRGSkAAAARAAgAAMumrgEAAAABABgA7YuIAOi6UgDEMQkAE7MeAA4NAQAODPQAAgBpVW5vOlVzZXJzOgBhcnRodXI6AERyb3Bib3g6ADFfc2hhcmU6AEJJT0lORiAzOTkwIC0gSW5kIFN0dWR5OgBMaXRlcmF0dXJlOgBUZWNoRXhwZXJ0c0NoYXJ0QURpIzE1MTg3MTAucGRmAAAOAEIAIABUAGUAYwBoAEUAeABwAGUAcgB0AHMAQwBoAGEAcgB0AEEARABpAGcAaQB0AGEAbABQAGEAdABoAC4AcABkAGYADwAIAAMAVQBuAG8AEgBgVXNlcnMvYXJ0aHVyL0Ryb3Bib3gvMV9zaGFyZS9CSU9JTkYgMzk5MCAtIEluZCBTdHVkeS9MaXRlcmF0dXJlL1RlY2hFeHBlcnRzQ2hhcnRBRGlnaXRhbFBhdGgucGRmABMAAS8AABUAAgAN//8AAIAF0hwdHh9YJGNsYXNzZXNaJGNsYXNzbmFtZaMfICFdTlNNdXRhYmxlRGF0YVZOU0RhdGFYTlNPYmplY3RfEC4uLi9MaXRlcmF0dXJlL1RlY2hFeHBlcnRzQ2hhcnRBRGlnaXRhbFBhdGgucGRm0hwdJCWiJSFcTlNEaWN0aW9uYXJ5EgABhqBfEA9OU0tleWVkQXJjaGl2ZXIACAARABYAHwAoADIANQA6ADwARQBLAFIAXQBlAGwAbwBxAHMAdgB4AHoAfACGAJMAmACgArACsgK3AsACywLPAt0C5ALtAx4DIwMmAzMDOAAAAAAAAAIBAAAAAAAAACgAAAAAAAAAAAAAAAAAAANK}}

@article{Schleyer2004Why-integration,
	Author = {Schleyer, TK},
	Date-Added = {2012-04-07 23:51:15 +0000},
	Date-Modified = {2012-04-13 15:23:18 +0000},
	Journal = {J Am Dent Assoc},
	Keywords = {integration},
	Month = {October},
	Pages = {4S--10S},
	Title = {Why integration is key for dental office technology},
	Volume = {135},
	Year = {2004},
	Bdsk-File-1 = {YnBsaXN0MDDUAQIDBAUIJidUJHRvcFgkb2JqZWN0c1gkdmVyc2lvblkkYXJjaGl2ZXLRBgdUcm9vdIABqAkKFRYXGyIjVSRudWxs0wsMDQ4RFFpOUy5vYmplY3RzV05TLmtleXNWJGNsYXNzog8QgASABqISE4ACgAOAB1lhbGlhc0RhdGFccmVsYXRpdmVQYXRo0hgNGRpXTlMuZGF0YU8RAhoAAAAAAhoAAgAAA1VubwAAAAAAAAAAAAAAAAAAAAAAAAAAAAAAAMnQ4OlIKwAAAKxlXh9XaHkgaW50ZWdyYXRpb24gaXMgayNCMjMyM0UucGRmAAAAAAAAAAAAAAAAAAAAAAAAAAAAAAAAAAAAAAAAAAAAsjI+ytMe0AAAAAAAAAAAAAMAAwAACSAAAAAAAAAAAAAAAAAAAAAMQ0RJIFJlc2VhcmNoABAACAAAydEZKQAAABEACAAAytNXEAAAAAEAFACsZV4AE7naABOzHgAODQEADgz0AAIATlVubzpVc2VyczoAYXJ0aHVyOgBEcm9wYm94OgBDREk6AENESSBSZXNlYXJjaDoAV2h5IGludGVncmF0aW9uIGlzIGsjQjIzMjNFLnBkZgAOAHAANwBXAGgAeQAgAGkAbgB0AGUAZwByAGEAdABpAG8AbgAgAGkAcwAgAGsAZQB5ACAAZgBvAHIAIABkAGUAbgB0AGEAbAAgAG8AZgBmAGkAYwBlACAAdABlAGMAaABuAG8AbABvAGcAeQAuAHAAZABmAA8ACAADAFUAbgBvABIAXVVzZXJzL2FydGh1ci9Ecm9wYm94L0NESS9DREkgUmVzZWFyY2gvV2h5IGludGVncmF0aW9uIGlzIGtleSBmb3IgZGVudGFsIG9mZmljZSB0ZWNobm9sb2d5LnBkZgAAEwABLwAAFQACAA3//wAAgAXSHB0eH1gkY2xhc3Nlc1okY2xhc3NuYW1lox8gIV1OU011dGFibGVEYXRhVk5TRGF0YVhOU09iamVjdF8QUS4uLy4uLy4uL0NESS9DREkgUmVzZWFyY2gvV2h5IGludGVncmF0aW9uIGlzIGtleSBmb3IgZGVudGFsIG9mZmljZSB0ZWNobm9sb2d5LnBkZtIcHSQloiUhXE5TRGljdGlvbmFyeRIAAYagXxAPTlNLZXllZEFyY2hpdmVyAAgAEQAWAB8AKAAyADUAOgA8AEUASwBSAF0AZQBsAG8AcQBzAHYAeAB6AHwAhgCTAJgAoAK+AsACxQLOAtkC3QLrAvIC+wNPA1QDVwNkA2kAAAAAAAACAQAAAAAAAAAoAAAAAAAAAAAAAAAAAAADew==}}

@inproceedings{Nielsen1994Enhancing-the-e,
	Address = {New York, NY},
	Annote = {four groups of participants consisting of five novice users in each group
	Four full-time dental faculty members, eight practicing dentists and eight senior dental stu- dents from the University of Pittsburgh SDM and
	"The purposive sample of novice users for each CPR system was made up of one full-time dental faculty member, two practicing dentists and two senior dental students"

We chose five participants per group because this number is considered adequate for usability testing as evi- denced in the usability engineering literature cf this paper.},
	Author = {Nielsen, J},
	Date-Added = {2012-04-07 22:46:38 +0000},
	Date-Modified = {2012-04-13 22:45:48 +0000},
	Editor = {Adelson, B and Dumais, S and Olson, J and Landauer, T and Mackay, W},
	Keywords = {usability eval},
	Month = {April},
	Pages = {152--158},
	Publisher = {ACM},
	Series = {CHI '94---Boston, Massachusetts, USA},
	Title = {Proceedings of the SIGCHI conference on Human factors in computing systems: ``Celebrating Interdependence''},
	Year = {1994},
	Bdsk-File-1 = {YnBsaXN0MDDUAQIDBAUIJidUJHRvcFgkb2JqZWN0c1gkdmVyc2lvblkkYXJjaGl2ZXLRBgdUcm9vdIABqAkKFRYXGyIjVSRudWxs0wsMDQ4RFFpOUy5vYmplY3RzV05TLmtleXNWJGNsYXNzog8QgASABqISE4ACgAOAB1lhbGlhc0RhdGFccmVsYXRpdmVQYXRo0hgNGRpXTlMuZGF0YU8RAl4AAAAAAl4AAgAAA1VubwAAAAAAAAAAAAAAAAAAAAAAAAAAAAAAAMnQ4OlIKwAAAO2LiB9FbmhhbmNpbmcgdGhlIEV4cGxhIzE1MTNGNjcucGRmAAAAAAAAAAAAAAAAAAAAAAAAAAAAAAAAAAAAAAAAAAABUT9ny6ZC1AAAAAAAAAAAAAEAAgAACSAAAAAAAAAAAAAAAAAAAAAKTGl0ZXJhdHVyZQAQAAgAAMnRGSkAAAARAAgAAMumexQAAAABABgA7YuIAOi6UgDEMQkAE7MeAA4NAQAODPQAAgBpVW5vOlVzZXJzOgBhcnRodXI6AERyb3Bib3g6ADFfc2hhcmU6AEJJT0lORiAzOTkwIC0gSW5kIFN0dWR5OgBMaXRlcmF0dXJlOgBFbmhhbmNpbmcgdGhlIEV4cGxhIzE1MTNGNjcucGRmAAAOAHgAOwBFAG4AaABhAG4AYwBpAG4AZwAgAHQAaABlACAARQB4AHAAbABhAG4AYQB0AG8AcgB5ACAAUABvAHcAZQByACAAbwBmACAAVQBzAGEAYgBpAGwAaQB0AHkAIABIAGUAdQByAGkAcwB0AGkAYwBzAC4AcABkAGYADwAIAAMAVQBuAG8AEgB7VXNlcnMvYXJ0aHVyL0Ryb3Bib3gvMV9zaGFyZS9CSU9JTkYgMzk5MCAtIEluZCBTdHVkeS9MaXRlcmF0dXJlL0VuaGFuY2luZyB0aGUgRXhwbGFuYXRvcnkgUG93ZXIgb2YgVXNhYmlsaXR5IEhldXJpc3RpY3MucGRmAAATAAEvAAAVAAIADf//AACABdIcHR4fWCRjbGFzc2VzWiRjbGFzc25hbWWjHyAhXU5TTXV0YWJsZURhdGFWTlNEYXRhWE5TT2JqZWN0XxBJLi4vTGl0ZXJhdHVyZS9FbmhhbmNpbmcgdGhlIEV4cGxhbmF0b3J5IFBvd2VyIG9mIFVzYWJpbGl0eSBIZXVyaXN0aWNzLnBkZtIcHSQloiUhXE5TRGljdGlvbmFyeRIAAYagXxAPTlNLZXllZEFyY2hpdmVyAAgAEQAWAB8AKAAyADUAOgA8AEUASwBSAF0AZQBsAG8AcQBzAHYAeAB6AHwAhgCTAJgAoAMCAwQDCQMSAx0DIQMvAzYDPwOLA5ADkwOgA6UAAAAAAAACAQAAAAAAAAAoAAAAAAAAAAAAAAAAAAADtw==}}

@inbook{Nielsen1994Usability-Inspe,
	Address = {New York},
	Author = {Nielsen, J and Mack, RL},
	Booktitle = {Usability inspection methods},
	Date-Added = {2012-04-06 22:40:10 +0000},
	Date-Modified = {2012-04-13 22:45:48 +0000},
	Keywords = {usability eval},
	Pages = {1-24},
	Publisher = {John Wiley \& Sons},
	Series = {Usability inspection methods},
	Title = {Executive summary},
	Year = {1994}}

@article{John2003Questionnaire-s,
	Author = {John, J and Thomas, D and Richards, D},
	Date-Added = {2012-04-06 11:55:22 +0000},
	Date-Modified = {2012-04-11 16:17:53 +0000},
	Journal = {Br Dent J},
	Keywords = {background},
	Pages = {585-590},
	Title = {Questionnaire survey on the use of computers in dental practices across the Thames Valley region},
	Volume = {195},
	Year = {2003}}

@book{Eisne1993The-computer-ba,
	Address = {Chicago, IL},
	Author = {Eisner, J and Chasteen, J and Schleyer, T and Feldman, C},
	Date-Added = {2012-04-06 11:39:53 +0000},
	Date-Modified = {2012-04-08 01:51:49 +0000},
	Keywords = {background},
	Publisher = {American Fund for Oral Health},
	Title = {The computer based oral health record: a new foundation for oral health information systems},
	Year = {1993}}

@article{Chasteen1992A-computer-data,
	Author = {Chasteen, J},
	Date-Added = {2012-04-06 11:38:53 +0000},
	Date-Modified = {2012-04-06 11:39:39 +0000},
	Journal = {J Am Dent Assoc},
	Keywords = {background},
	Pages = {26-33},
	Title = {A computer database approach for dental practice},
	Volume = {123},
	Year = {1992}}

@article{Rose2005Using-qualitati,
	Author = {Rose, AF and Schnipper, JL and Park, ER and Poon, EG and Li, Q and Middleton, B},
	Date-Added = {2012-04-05 20:49:34 +0000},
	Date-Modified = {2012-04-13 22:45:48 +0000},
	Journal = {J Biomed Inform},
	Keywords = {usability eval},
	Number = {1},
	Pages = {51-60},
	Title = {Using qualitative studies to improve the usability of an EMR},
	Volume = {38},
	Year = {2005}}

@article{Ash2004Some-unintended,
	Author = {Ash, J and Berg, M and Coiera, E},
	Date-Added = {2012-04-05 20:45:43 +0000},
	Date-Modified = {2012-04-13 22:45:48 +0000},
	Journal = {J Am Med Inform Assoc},
	Keywords = {usability eval},
	Number = {2},
	Pages = {104-12},
	Title = {Some unintended consequences of information technology in health care: the nature of patient care information system-related errors.},
	Volume = {11},
	Year = {2004}}

@article{Schleyer2006Clinical-Comput,
	Author = {Schleyer, TK and Thyvalikakath, TP and Spallek, H and Torres-Urquidy, MH and Hernandez, P and Yuhaniak, J},
	Date-Added = {2012-04-05 18:10:13 +0000},
	Date-Modified = {2012-04-05 20:57:54 +0000},
	Journal = {J Am Med Inform Assoc},
	Keywords = {background},
	Pages = {344-52},
	Title = {Clinical Computing in General Dentistry},
	Volume = {13},
	Year = {2006},
	Bdsk-File-1 = {YnBsaXN0MDDUAQIDBAUIJidUJHRvcFgkb2JqZWN0c1gkdmVyc2lvblkkYXJjaGl2ZXLRBgdUcm9vdIABqAkKFRYXGyIjVSRudWxs0wsMDQ4RFFpOUy5vYmplY3RzV05TLmtleXNWJGNsYXNzog8QgASABqISE4ACgAOAB1lhbGlhc0RhdGFccmVsYXRpdmVQYXRo0hgNGRpXTlMuZGF0YU8RAfYAAAAAAfYAAgAAA1VubwAAAAAAAAAAAAAAAAAAAAAAAAAAAAAAAMnQ4OlIKwAAAKxlXh9DbGluaWNhbCBDb21wdXRpbmcgaSNBQzYyMDEucGRmAAAAAAAAAAAAAAAAAAAAAAAAAAAAAAAAAAAAAAAAAAAArGIByshaOwAAAAAAAAAAAAMAAwAACSAAAAAAAAAAAAAAAAAAAAAMQ0RJIFJlc2VhcmNoABAACAAAydEZKQAAABEACAAAysiSewAAAAEAFACsZV4AE7naABOzHgAODQEADgz0AAIATlVubzpVc2VyczoAYXJ0aHVyOgBEcm9wYm94OgBDREk6AENESSBSZXNlYXJjaDoAQ2xpbmljYWwgQ29tcHV0aW5nIGkjQUM2MjAxLnBkZgAOAFgAKwBDAGwAaQBuAGkAYwBhAGwAIABDAG8AbQBwAHUAdABpAG4AZwAgAGkAbgAgAEcAZQBuAGUAcgBhAGwAIABEAGUAbgB0AGkAcwB0AHIAeQAuAHAAZABmAA8ACAADAFUAbgBvABIAUVVzZXJzL2FydGh1ci9Ecm9wYm94L0NESS9DREkgUmVzZWFyY2gvQ2xpbmljYWwgQ29tcHV0aW5nIGluIEdlbmVyYWwgRGVudGlzdHJ5LnBkZgAAEwABLwAAFQACAA3//wAAgAXSHB0eH1gkY2xhc3Nlc1okY2xhc3NuYW1lox8gIV1OU011dGFibGVEYXRhVk5TRGF0YVhOU09iamVjdF8QRS4uLy4uLy4uL0NESS9DREkgUmVzZWFyY2gvQ2xpbmljYWwgQ29tcHV0aW5nIGluIEdlbmVyYWwgRGVudGlzdHJ5LnBkZtIcHSQloiUhXE5TRGljdGlvbmFyeRIAAYagXxAPTlNLZXllZEFyY2hpdmVyAAgAEQAWAB8AKAAyADUAOgA8AEUASwBSAF0AZQBsAG8AcQBzAHYAeAB6AHwAhgCTAJgAoAKaApwCoQKqArUCuQLHAs4C1wMfAyQDJwM0AzkAAAAAAAACAQAAAAAAAAAoAAAAAAAAAAAAAAAAAAADSw==}}

@article{Thyvalikakath2007Heuristic-evalu,
	Author = {Thyvalikakath, TP and Schleyer, TK and Monaco, V},
	Date-Added = {2012-04-05 18:06:15 +0000},
	Date-Modified = {2012-04-13 22:45:48 +0000},
	Journal = {J Am Dent Assoc},
	Keywords = {usability eval},
	Pages = {208-18},
	Title = {Heuristic evaluation of clinical functions in four practice management systems},
	Volume = {138},
	Year = {2007},
	Bdsk-File-1 = {YnBsaXN0MDDUAQIDBAUIJidUJHRvcFgkb2JqZWN0c1gkdmVyc2lvblkkYXJjaGl2ZXLRBgdUcm9vdIABqAkKFRYXGyIjVSRudWxs0wsMDQ4RFFpOUy5vYmplY3RzV05TLmtleXNWJGNsYXNzog8QgASABqISE4ACgAOAB1lhbGlhc0RhdGFccmVsYXRpdmVQYXRo0hgNGRpXTlMuZGF0YU8RAmoAAAAAAmoAAgAAA1VubwAAAAAAAAAAAAAAAAAAAAAAAAAAAAAAAMnQ4OlIKwAAAKxlXh9IZXVyaXN0aWMgZXZhbHVhdGlvbiNBQzU3Q0UucGRmAAAAAAAAAAAAAAAAAAAAAAAAAAAAAAAAAAAAAAAAAAAArFfOyshZrwAAAAAAAAAAAAMAAwAACSAAAAAAAAAAAAAAAAAAAAAMQ0RJIFJlc2VhcmNoABAACAAAydEZKQAAABEACAAAysiR7wAAAAEAFACsZV4AE7naABOzHgAODQEADgz0AAIATlVubzpVc2VyczoAYXJ0aHVyOgBEcm9wYm94OgBDREk6AENESSBSZXNlYXJjaDoASGV1cmlzdGljIGV2YWx1YXRpb24jQUM1N0NFLnBkZgAOAKYAUgBIAGUAdQByAGkAcwB0AGkAYwAgAGUAdgBhAGwAdQBhAHQAaQBvAG4AIABvAGYAIABjAGwAaQBuAGkAYwBhAGwAIABmAHUAbgBjAHQAaQBvAG4AcwAgAGkAbgAgAGYAbwB1AHIAIABwAHIAYQBjAHQAaQBjAGUAIABtAGEAbgBhAGcAZQBtAGUAbgB0ACAAcwB5AHMAdABlAG0AcwAuAHAAZABmAA8ACAADAFUAbgBvABIAeFVzZXJzL2FydGh1ci9Ecm9wYm94L0NESS9DREkgUmVzZWFyY2gvSGV1cmlzdGljIGV2YWx1YXRpb24gb2YgY2xpbmljYWwgZnVuY3Rpb25zIGluIGZvdXIgcHJhY3RpY2UgbWFuYWdlbWVudCBzeXN0ZW1zLnBkZgATAAEvAAAVAAIADf//AACABdIcHR4fWCRjbGFzc2VzWiRjbGFzc25hbWWjHyAhXU5TTXV0YWJsZURhdGFWTlNEYXRhWE5TT2JqZWN0XxBsLi4vLi4vLi4vQ0RJL0NESSBSZXNlYXJjaC9IZXVyaXN0aWMgZXZhbHVhdGlvbiBvZiBjbGluaWNhbCBmdW5jdGlvbnMgaW4gZm91ciBwcmFjdGljZSBtYW5hZ2VtZW50IHN5c3RlbXMucGRm0hwdJCWiJSFcTlNEaWN0aW9uYXJ5EgABhqBfEA9OU0tleWVkQXJjaGl2ZXIACAARABYAHwAoADIANQA6ADwARQBLAFIAXQBlAGwAbwBxAHMAdgB4AHoAfACGAJMAmACgAw4DEAMVAx4DKQMtAzsDQgNLA7oDvwPCA88D1AAAAAAAAAIBAAAAAAAAACgAAAAAAAAAAAAAAAAAAAPm}}

@article{Thyvalikakath2008A-usability-eva,
	Annote = {four groups of participants consisting of five novice users in each group
	Four full-time dental faculty members, eight practicing dentists and eight senior dental stu- dents from the University of Pittsburgh SDM and
	"The purposive sample of novice users for each CPR system was made up of one full-time dental faculty member, two practicing dentists and two senior dental students"

We chose five participants per group because this number is considered adequate for usability testing as evi- denced in the usability engineering literature cf this paper.},
	Author = {Thyvalikakath, TP and Monaco, V and Thambuganipalle, HB and Schleyer, TK},
	Date-Added = {2012-04-05 18:04:07 +0000},
	Date-Modified = {2012-04-13 22:45:48 +0000},
	Journal = {J Am Dent Assoc},
	Keywords = {usability eval},
	Pages = {1632-42},
	Title = {A usability evaluation of four commercial dental computer-based patient record systems},
	Volume = {139},
	Year = {2008},
	Bdsk-File-1 = {YnBsaXN0MDDUAQIDBAUIJidUJHRvcFgkb2JqZWN0c1gkdmVyc2lvblkkYXJjaGl2ZXLRBgdUcm9vdIABqAkKFRYXGyIjVSRudWxs0wsMDQ4RFFpOUy5vYmplY3RzV05TLmtleXNWJGNsYXNzog8QgASABqISE4ACgAOAB1lhbGlhc0RhdGFccmVsYXRpdmVQYXRo0hgNGRpXTlMuZGF0YU8RAoAAAAAAAoAAAgAAA1VubwAAAAAAAAAAAAAAAAAAAAAAAAAAAAAAAMnQ4OlIKwAAAKxlXh9Vc2FiaWxpdHkgZXZhbHVhdGlvbiNBQzU1MjkucGRmAAAAAAAAAAAAAAAAAAAAAAAAAAAAAAAAAAAAAAAAAAAArFUpyshZTwAAAAAAAAAAAAMAAwAACSAAAAAAAAAAAAAAAAAAAAAMQ0RJIFJlc2VhcmNoABAACAAAydEZKQAAABEACAAAysiRjwAAAAEAFACsZV4AE7naABOzHgAODQEADgz0AAIATlVubzpVc2VyczoAYXJ0aHVyOgBEcm9wYm94OgBDREk6AENESSBSZXNlYXJjaDoAVXNhYmlsaXR5IGV2YWx1YXRpb24jQUM1NTI5LnBkZgAOALQAWQBVAHMAYQBiAGkAbABpAHQAeQAgAGUAdgBhAGwAdQBhAHQAaQBvAG4AIABvAGYAIABmAG8AdQByACAAYwBvAG0AbQBlAHIAYwBpAGEAbAAgAGQAZQBuAHQAYQBsACAAYwBvAG0AcAB1AHQAZQByAC0AYgBhAHMAZQBkACAAcABhAHQAaQBlAG4AdAAgAHIAZQBjAG8AcgBkACAAIABzAHkAcwB0AGUAbQBzAC4AcABkAGYADwAIAAMAVQBuAG8AEgB/VXNlcnMvYXJ0aHVyL0Ryb3Bib3gvQ0RJL0NESSBSZXNlYXJjaC9Vc2FiaWxpdHkgZXZhbHVhdGlvbiBvZiBmb3VyIGNvbW1lcmNpYWwgZGVudGFsIGNvbXB1dGVyLWJhc2VkIHBhdGllbnQgcmVjb3JkICBzeXN0ZW1zLnBkZgAAEwABLwAAFQACAA3//wAAgAXSHB0eH1gkY2xhc3Nlc1okY2xhc3NuYW1lox8gIV1OU011dGFibGVEYXRhVk5TRGF0YVhOU09iamVjdF8Qcy4uLy4uLy4uL0NESS9DREkgUmVzZWFyY2gvVXNhYmlsaXR5IGV2YWx1YXRpb24gb2YgZm91ciBjb21tZXJjaWFsIGRlbnRhbCBjb21wdXRlci1iYXNlZCBwYXRpZW50IHJlY29yZCAgc3lzdGVtcy5wZGbSHB0kJaIlIVxOU0RpY3Rpb25hcnkSAAGGoF8QD05TS2V5ZWRBcmNoaXZlcgAIABEAFgAfACgAMgA1ADoAPABFAEsAUgBdAGUAbABvAHEAcwB2AHgAegB8AIYAkwCYAKADJAMmAysDNAM/A0MDUQNYA2ED1wPcA98D7APxAAAAAAAAAgEAAAAAAAAAKAAAAAAAAAAAAAAAAAAABAM=}}

@incollection{Thompson2004The-Decade-of-H,
	Author = {Thompson, TG and Brailer, DJ},
	Date-Added = {2012-04-05 17:41:12 +0000},
	Date-Modified = {2012-04-05 20:58:16 +0000},
	Journal = {U.S. Department of Health and Human Services, Office of the National Coordinator for Health Information Technology},
	Keywords = {background},
	Publisher = {U.S. Department of Health and Human Services, Office of the National Coordinator for Health Information Technology},
	Title = {The Decade of Health Information Technology: Delivering Consumer-centric and Information-rich Health Care},
	Year = {2004},
	Bdsk-File-1 = {YnBsaXN0MDDUAQIDBAUIJidUJHRvcFgkb2JqZWN0c1gkdmVyc2lvblkkYXJjaGl2ZXLRBgdUcm9vdIABqAkKFRYXGyIjVSRudWxs0wsMDQ4RFFpOUy5vYmplY3RzV05TLmtleXNWJGNsYXNzog8QgASABqISE4ACgAOAB1lhbGlhc0RhdGFccmVsYXRpdmVQYXRo0hgNGRpXTlMuZGF0YU8RAnIAAAAAAnIAAgAAA1VubwAAAAAAAAAAAAAAAAAAAAAAAAAAAAAAAMnQ4OlIKwAAAO2LiB9UaGVfRGVjYWRlX29mX0hJVC1EIzE0Q0Q1OTkucGRmAAAAAAAAAAAAAAAAAAAAAAAAAAAAAAAAAAAAAAAAAAABTNWZy6NIrwAAAAAAAAAAAAEAAgAACSAAAAAAAAAAAAAAAAAAAAAKTGl0ZXJhdHVyZQAQAAgAAMnRGSkAAAARAAgAAMujgO8AAAABABgA7YuIAOi6UgDEMQkAE7MeAA4NAQAODPQAAgBpVW5vOlVzZXJzOgBhcnRodXI6AERyb3Bib3g6ADFfc2hhcmU6AEJJT0lORiAzOTkwIC0gSW5kIFN0dWR5OgBMaXRlcmF0dXJlOgBUaGVfRGVjYWRlX29mX0hJVC1EIzE0Q0Q1OTkucGRmAAAOAIYAQgBUAGgAZQBfAEQAZQBjAGEAZABlAF8AbwBmAF8ASABJAFQALQBEAGUAbABpAHYAZQByAGkAbgBnAF8AQwB1AHMAdABvAG0AZQByAC0AYwBlAG4AdAByAGkAYwBfAGEAbgBkAF8ASQBuAGYAbwAtAHIAaQBjAGgAXwBIAEMALgBwAGQAZgAPAAgAAwBVAG4AbwASAIJVc2Vycy9hcnRodXIvRHJvcGJveC8xX3NoYXJlL0JJT0lORiAzOTkwIC0gSW5kIFN0dWR5L0xpdGVyYXR1cmUvVGhlX0RlY2FkZV9vZl9ISVQtRGVsaXZlcmluZ19DdXN0b21lci1jZW50cmljX2FuZF9JbmZvLXJpY2hfSEMucGRmABMAAS8AABUAAgAN//8AAIAF0hwdHh9YJGNsYXNzZXNaJGNsYXNzbmFtZaMfICFdTlNNdXRhYmxlRGF0YVZOU0RhdGFYTlNPYmplY3RfEFAuLi9MaXRlcmF0dXJlL1RoZV9EZWNhZGVfb2ZfSElULURlbGl2ZXJpbmdfQ3VzdG9tZXItY2VudHJpY19hbmRfSW5mby1yaWNoX0hDLnBkZtIcHSQloiUhXE5TRGljdGlvbmFyeRIAAYagXxAPTlNLZXllZEFyY2hpdmVyAAgAEQAWAB8AKAAyADUAOgA8AEUASwBSAF0AZQBsAG8AcQBzAHYAeAB6AHwAhgCTAJgAoAMWAxgDHQMmAzEDNQNDA0oDUwOmA6sDrgO7A8AAAAAAAAACAQAAAAAAAAAoAAAAAAAAAAAAAAAAAAAD0g==}}

@inproceedings{Marotta2007Design-and-eval,
	Address = {New York, NY},
	Author = {Marotta, Michael F. and Phanicphant, Purin and Malatack, Patrick and Shah, Tej and Price, Greg and Thyvalikakath, Thankam and Schleyer, Titus and Hong, Jason},
	Booktitle = {CHI '07 extended abstracts on Human factors in computing systems},
	Date-Added = {2012-02-15 17:05:46 +0000},
	Date-Modified = {2012-02-15 17:10:56 +0000},
	Keywords = {design},
	Pages = {2567--72},
	Publisher = {ACM},
	Series = {CHI EA '07},
	Title = {Design and evaluation of 3d models for electronic dental records},
	Year = {2007},
	Bdsk-File-1 = {YnBsaXN0MDDUAQIDBAUIJidUJHRvcFgkb2JqZWN0c1gkdmVyc2lvblkkYXJjaGl2ZXLRBgdUcm9vdIABqAkKFRYXGyIjVSRudWxs0wsMDQ4RFFpOUy5vYmplY3RzV05TLmtleXNWJGNsYXNzog8QgASABqISE4ACgAOAB1lhbGlhc0RhdGFccmVsYXRpdmVQYXRo0hgNGRpXTlMuZGF0YU8RAngAAAAAAngAAgAAA1VubwAAAAAAAAAAAAAAAAAAAAAAAAAAAAAAAMnQ4OlIKwAAAO2LiB9EZXNpZ24gYW5kIEV2YWx1YXRpbyNGQ0E2M0MucGRmAAAAAAAAAAAAAAAAAAAAAAAAAAAAAAAAAAAAAAAAAAAA/KY8y2FRLgAAAAAAAAAAAAEAAgAACSAAAAAAAAAAAAAAAAAAAAAKTGl0ZXJhdHVyZQAQAAgAAMnRGSkAAAARAAgAAMthl34AAAABABgA7YuIAOi6UgDEMQkAE7MeAA4NAQAODPQAAgBpVW5vOlVzZXJzOgBhcnRodXI6AERyb3Bib3g6ADFfc2hhcmU6AEJJT0lORiAzOTkwIC0gSW5kIFN0dWR5OgBMaXRlcmF0dXJlOgBEZXNpZ24gYW5kIEV2YWx1YXRpbyNGQ0E2M0MucGRmAAAOAIoARABEAGUAcwBpAGcAbgAgAGEAbgBkACAARQB2AGEAbAB1AGEAdABpAG8AbgAgAG8AZgAgADMARAAgAE0AbwBkAGUAbABzACAAZgBvAHIAIABFAGwAZQBjAHQAcgBvAG4AaQBjACAARABlAG4AdABhAGwAIABSAGUAYwBvAHIAZABzAC4AcABkAGYADwAIAAMAVQBuAG8AEgCEVXNlcnMvYXJ0aHVyL0Ryb3Bib3gvMV9zaGFyZS9CSU9JTkYgMzk5MCAtIEluZCBTdHVkeS9MaXRlcmF0dXJlL0Rlc2lnbiBhbmQgRXZhbHVhdGlvbiBvZiAzRCBNb2RlbHMgZm9yIEVsZWN0cm9uaWMgRGVudGFsIFJlY29yZHMucGRmABMAAS8AABUAAgAN//8AAIAF0hwdHh9YJGNsYXNzZXNaJGNsYXNzbmFtZaMfICFdTlNNdXRhYmxlRGF0YVZOU0RhdGFYTlNPYmplY3RfEFIuLi9MaXRlcmF0dXJlL0Rlc2lnbiBhbmQgRXZhbHVhdGlvbiBvZiAzRCBNb2RlbHMgZm9yIEVsZWN0cm9uaWMgRGVudGFsIFJlY29yZHMucGRm0hwdJCWiJSFcTlNEaWN0aW9uYXJ5EgABhqBfEA9OU0tleWVkQXJjaGl2ZXIACAARABYAHwAoADIANQA6ADwARQBLAFIAXQBlAGwAbwBxAHMAdgB4AHoAfACGAJMAmACgAxwDHgMjAywDNwM7A0kDUANZA64DswO2A8MDyAAAAAAAAAIBAAAAAAAAACgAAAAAAAAAAAAAAAAAAAPa}}

@inproceedings{San-Diego2008PHANTOM-prototy,
	Address = {New York, NY},
	Author = {San Diego, Jonathan Padilla and Barrow, Alastair and Cox, Margaret and Harwin, Willism},
	Booktitle = {Proceedings of the 10th international conference on Multimodal interfaces},
	Date-Added = {2012-02-15 16:55:39 +0000},
	Date-Modified = {2012-02-15 16:59:47 +0000},
	Keywords = {design},
	Pages = {201--2},
	Publisher = {ACM},
	Series = {ICMI '08},
	Title = {PHANTOM prototype: exploring the potential for learning with multimodal features in dentistry},
	Year = {2008},
	Bdsk-File-1 = {YnBsaXN0MDDUAQIDBAUIJidUJHRvcFgkb2JqZWN0c1gkdmVyc2lvblkkYXJjaGl2ZXLRBgdUcm9vdIABqAkKFRYXGyIjVSRudWxs0wsMDQ4RFFpOUy5vYmplY3RzV05TLmtleXNWJGNsYXNzog8QgASABqISE4ACgAOAB1lhbGlhc0RhdGFccmVsYXRpdmVQYXRo0hgNGRpXTlMuZGF0YU8RAtAAAAAAAtAAAgAAA1VubwAAAAAAAAAAAAAAAAAAAAAAAAAAAAAAAMnQ4OlIKwAAAO2LiB9QSEFOVE9NIHByb3RvdHlwZS0gZSNGQ0E0Q0IucGRmAAAAAAAAAAAAAAAAAAAAAAAAAAAAAAAAAAAAAAAAAAAA/KTLy2FOkAAAAAAAAAAAAAEAAgAACSAAAAAAAAAAAAAAAAAAAAAKTGl0ZXJhdHVyZQAQAAgAAMnRGSkAAAARAAgAAMthlOAAAAABABgA7YuIAOi6UgDEMQkAE7MeAA4NAQAODPQAAgBpVW5vOlVzZXJzOgBhcnRodXI6AERyb3Bib3g6ADFfc2hhcmU6AEJJT0lORiAzOTkwIC0gSW5kIFN0dWR5OgBMaXRlcmF0dXJlOgBQSEFOVE9NIHByb3RvdHlwZS0gZSNGQ0E0Q0IucGRmAAAOAMQAYQBQAEgAQQBOAFQATwBNACAAcAByAG8AdABvAHQAeQBwAGUALQAgAGUAeABwAGwAbwByAGkAbgBnACAAdABoAGUAIABwAG8AdABlAG4AdABpAGEAbAAgAGYAbwByACAAbABlAGEAcgBuAGkAbgBnACAAdwBpAHQAaAAgAG0AdQBsAHQAaQBtAG8AZABhAGwAIABmAGUAYQB0AHUAcgBlAHMAIABpAG4AIABkAGUAbgB0AGkAcwB0AHIAeQAuAHAAZABmAA8ACAADAFUAbgBvABIAoVVzZXJzL2FydGh1ci9Ecm9wYm94LzFfc2hhcmUvQklPSU5GIDM5OTAgLSBJbmQgU3R1ZHkvTGl0ZXJhdHVyZS9QSEFOVE9NIHByb3RvdHlwZS0gZXhwbG9yaW5nIHRoZSBwb3RlbnRpYWwgZm9yIGxlYXJuaW5nIHdpdGggbXVsdGltb2RhbCBmZWF0dXJlcyBpbiBkZW50aXN0cnkucGRmAAATAAEvAAAVAAIADf//AACABdIcHR4fWCRjbGFzc2VzWiRjbGFzc25hbWWjHyAhXU5TTXV0YWJsZURhdGFWTlNEYXRhWE5TT2JqZWN0XxBvLi4vTGl0ZXJhdHVyZS9QSEFOVE9NIHByb3RvdHlwZS0gZXhwbG9yaW5nIHRoZSBwb3RlbnRpYWwgZm9yIGxlYXJuaW5nIHdpdGggbXVsdGltb2RhbCBmZWF0dXJlcyBpbiBkZW50aXN0cnkucGRm0hwdJCWiJSFcTlNEaWN0aW9uYXJ5EgABhqBfEA9OU0tleWVkQXJjaGl2ZXIACAARABYAHwAoADIANQA6ADwARQBLAFIAXQBlAGwAbwBxAHMAdgB4AHoAfACGAJMAmACgA3QDdgN7A4QDjwOTA6EDqAOxBCMEKAQrBDgEPQAAAAAAAAIBAAAAAAAAACgAAAAAAAAAAAAAAAAAAARP}}

@inproceedings{Mans2012Mining-processe,
	Address = {New York, NY},
	Author = {Mans, Ronny and Reijers, Hajo and van Genuchten, Michiel and Wismeijer, Daniel},
	Booktitle = {Proceedings of the 2nd ACM SIGHIT symposium on International health informatics},
	Date-Added = {2012-02-15 00:48:28 +0000},
	Date-Modified = {2012-02-15 00:49:52 +0000},
	Keywords = {process},
	Pages = {379--88},
	Publisher = {ACM},
	Series = {IHI '12},
	Title = {Mining processes in dentistry},
	Year = {2012}}

@inproceedings{Karunakaran2012Investigating-b,
	Abstract = {Collaborative information seeking (CIS) is an intrinsic part of medical work. Patient care teams increasingly rely upon various systems, such as Electronic Medical Records (EMRs), to support collaborative information seeking across hierarchical, functional and occupational boundaries of the organization in order to enhance the quality of medical care. However, despite their proven benefits, there still are several challenges to using EMRs for CIS, in specific, and for collaborative work, in general. The objective of this research study, therefore, is to identify some of the barriers associated with using EMRs during CIS activities. We employed qualitative research methods to understand how individuals within patient care teams use EMRs during CIS and what challenges they confront in the process. We conducted this study in the Emergency Department of a 500-bed teaching hospital. We used non-participant observations and semi-structured interviews of patient care team members for collecting our data and for capturing the practices. Through our data analysis, we identified a set of barriers to using EMRs during CIS. These include a) clash of "technological frames", b) lack of collective affordances, c) fear of deviations and d) alert fatigues. From the findings of our study, we highlight implications for designing EMR systems that could augment and facilitate better CIS.},
	Address = {New York, NY},
	Author = {Karunakaran, Arvind and Hee-Nam, Young and Reddy, Madhu},
	Booktitle = {Proceedings of the 2nd ACM SIGHIT symposium on International health informatics},
	Date-Added = {2012-02-15 00:39:10 +0000},
	Date-Modified = {2012-02-15 00:40:47 +0000},
	Keywords = {data entry},
	Pages = {743--48},
	Publisher = {ACM},
	Series = {IHI '12},
	Title = {Investigating barriers to electronic medical record use during collaborative information seeking activities},
	Year = {2012},
	Bdsk-File-1 = {YnBsaXN0MDDUAQIDBAUIJidUJHRvcFgkb2JqZWN0c1gkdmVyc2lvblkkYXJjaGl2ZXLRBgdUcm9vdIABqAkKFRYXGyIjVSRudWxs0wsMDQ4RFFpOUy5vYmplY3RzV05TLmtleXNWJGNsYXNzog8QgASABqISE4ACgAOAB1lhbGlhc0RhdGFccmVsYXRpdmVQYXRo0hgNGRpXTlMuZGF0YU8RAvoAAAAAAvoAAgAAA1VubwAAAAAAAAAAAAAAAAAAAAAAAAAAAAAAAMnQ4OlIKwAAAO2LiB9JbnZlc3RpZ2F0aW5nIEJhcnJpZSNGQkZGNzkucGRmAAAAAAAAAAAAAAAAAAAAAAAAAAAAAAAAAAAAAAAAAAAA+/95y2BowAAAAAAAAAAAAAEAAgAACSAAAAAAAAAAAAAAAAAAAAAKTGl0ZXJhdHVyZQAQAAgAAMnRGSkAAAARAAgAAMtgrxAAAAABABgA7YuIAOi6UgDEMQkAE7MeAA4NAQAODPQAAgBpVW5vOlVzZXJzOgBhcnRodXI6AERyb3Bib3g6ADFfc2hhcmU6AEJJT0lORiAzOTkwIC0gSW5kIFN0dWR5OgBMaXRlcmF0dXJlOgBJbnZlc3RpZ2F0aW5nIEJhcnJpZSNGQkZGNzkucGRmAAAOAOAAbwBJAG4AdgBlAHMAdABpAGcAYQB0AGkAbgBnACAAQgBhAHIAcgBpAGUAcgBzACAAdABvACAARQBsAGUAYwB0AHIAbwBuAGkAYwAgAE0AZQBkAGkAYwBhAGwAIABSAGUAYwBvAHIAZAAgAFUAcwBlACAAZAB1AHIAaQBuAGcAIABDAG8AbABsAGEAYgBvAHIAYQB0AGkAdgBlACAASQBuAGYAbwByAG0AYQB0AGkAbwBuACAAUwBlAGUAawBpAG4AZwAgAEEAYwB0AGkAdgBpAHQAaQBlAHMALgBwAGQAZgAPAAgAAwBVAG4AbwASAK9Vc2Vycy9hcnRodXIvRHJvcGJveC8xX3NoYXJlL0JJT0lORiAzOTkwIC0gSW5kIFN0dWR5L0xpdGVyYXR1cmUvSW52ZXN0aWdhdGluZyBCYXJyaWVycyB0byBFbGVjdHJvbmljIE1lZGljYWwgUmVjb3JkIFVzZSBkdXJpbmcgQ29sbGFib3JhdGl2ZSBJbmZvcm1hdGlvbiBTZWVraW5nIEFjdGl2aXRpZXMucGRmAAATAAEvAAAVAAIADf//AACABdIcHR4fWCRjbGFzc2VzWiRjbGFzc25hbWWjHyAhXU5TTXV0YWJsZURhdGFWTlNEYXRhWE5TT2JqZWN0XxB9Li4vTGl0ZXJhdHVyZS9JbnZlc3RpZ2F0aW5nIEJhcnJpZXJzIHRvIEVsZWN0cm9uaWMgTWVkaWNhbCBSZWNvcmQgVXNlIGR1cmluZyBDb2xsYWJvcmF0aXZlIEluZm9ybWF0aW9uIFNlZWtpbmcgQWN0aXZpdGllcy5wZGbSHB0kJaIlIVxOU0RpY3Rpb25hcnkSAAGGoF8QD05TS2V5ZWRBcmNoaXZlcgAIABEAFgAfACgAMgA1ADoAPABFAEsAUgBdAGUAbABvAHEAcwB2AHgAegB8AIYAkwCYAKADngOgA6UDrgO5A70DywPSA9sEWwRgBGMEcAR1AAAAAAAAAgEAAAAAAAAAKAAAAAAAAAAAAAAAAAAABIc=}}

@inproceedings{Bargeron2003Reflowing-digit,
	Address = {New York, NY},
	Author = {Bargeron, David and Moscovich, Tomer},
	Booktitle = {Proceedings of the SIGCHI conference on Human factors in computing systems},
	Date-Added = {2012-02-15 00:17:58 +0000},
	Date-Modified = {2012-02-15 00:19:49 +0000},
	Keywords = {data entry},
	Pages = {385--93},
	Publisher = {ACM},
	Title = {Reflowing digital ink annotations},
	Year = {2003},
	Bdsk-File-1 = {YnBsaXN0MDDUAQIDBAUIJidUJHRvcFgkb2JqZWN0c1gkdmVyc2lvblkkYXJjaGl2ZXLRBgdUcm9vdIABqAkKFRYXGyIjVSRudWxs0wsMDQ4RFFpOUy5vYmplY3RzV05TLmtleXNWJGNsYXNzog8QgASABqISE4ACgAOAB1lhbGlhc0RhdGFccmVsYXRpdmVQYXRo0hgNGRpXTlMuZGF0YU8RAhwAAAAAAhwAAgAAA1VubwAAAAAAAAAAAAAAAAAAAAAAAAAAAAAAAMnQ4OlIKwAAAO2LiB9SZWZsb3dpbmcgRGlnaXRhbCBJbiNGQkZCN0QucGRmAAAAAAAAAAAAAAAAAAAAAAAAAAAAAAAAAAAAAAAAAAAA+/t9y2BkPwAAAAAAAAAAAAEAAgAACSAAAAAAAAAAAAAAAAAAAAAKTGl0ZXJhdHVyZQAQAAgAAMnRGSkAAAARAAgAAMtgqo8AAAABABgA7YuIAOi6UgDEMQkAE7MeAA4NAQAODPQAAgBpVW5vOlVzZXJzOgBhcnRodXI6AERyb3Bib3g6ADFfc2hhcmU6AEJJT0lORiAzOTkwIC0gSW5kIFN0dWR5OgBMaXRlcmF0dXJlOgBSZWZsb3dpbmcgRGlnaXRhbCBJbiNGQkZCN0QucGRmAAAOAEwAJQBSAGUAZgBsAG8AdwBpAG4AZwAgAEQAaQBnAGkAdABhAGwAIABJAG4AawAgAEEAbgBuAG8AdABhAHQAaQBvAG4AcwAuAHAAZABmAA8ACAADAFUAbgBvABIAZVVzZXJzL2FydGh1ci9Ecm9wYm94LzFfc2hhcmUvQklPSU5GIDM5OTAgLSBJbmQgU3R1ZHkvTGl0ZXJhdHVyZS9SZWZsb3dpbmcgRGlnaXRhbCBJbmsgQW5ub3RhdGlvbnMucGRmAAATAAEvAAAVAAIADf//AACABdIcHR4fWCRjbGFzc2VzWiRjbGFzc25hbWWjHyAhXU5TTXV0YWJsZURhdGFWTlNEYXRhWE5TT2JqZWN0XxAzLi4vTGl0ZXJhdHVyZS9SZWZsb3dpbmcgRGlnaXRhbCBJbmsgQW5ub3RhdGlvbnMucGRm0hwdJCWiJSFcTlNEaWN0aW9uYXJ5EgABhqBfEA9OU0tleWVkQXJjaGl2ZXIACAARABYAHwAoADIANQA6ADwARQBLAFIAXQBlAGwAbwBxAHMAdgB4AHoAfACGAJMAmACgAsACwgLHAtAC2wLfAu0C9AL9AzMDOAM7A0gDTQAAAAAAAAIBAAAAAAAAACgAAAAAAAAAAAAAAAAAAANf}}

@mastersthesis{Mayrhofer2007Pen-based-Elect,
	Author = {Mayrhofer, D},
	Date-Added = {2012-02-15 00:13:36 +0000},
	Date-Modified = {2012-02-15 00:15:45 +0000},
	Keywords = {data entry},
	School = {Vienna University of Technology},
	Title = {Pen-based Electronic Medical Record on a Tablet PC in a Medical Practice},
	Type = {Masters Thesis},
	Year = {2007},
	Bdsk-File-1 = {YnBsaXN0MDDUAQIDBAUIJidUJHRvcFgkb2JqZWN0c1gkdmVyc2lvblkkYXJjaGl2ZXLRBgdUcm9vdIABqAkKFRYXGyIjVSRudWxs0wsMDQ4RFFpOUy5vYmplY3RzV05TLmtleXNWJGNsYXNzog8QgASABqISE4ACgAOAB1lhbGlhc0RhdGFccmVsYXRpdmVQYXRo0hgNGRpXTlMuZGF0YU8RApQAAAAAApQAAgAAA1VubwAAAAAAAAAAAAAAAAAAAAAAAAAAAAAAAMnQ4OlIKwAAAO2LiB9QZW4tYmFzZWQgRWxlY3Ryb25pYyNGQkY3NTQucGRmAAAAAAAAAAAAAAAAAAAAAAAAAAAAAAAAAAAAAAAAAAAA+/dUy2BisAAAAAAAAAAAAAEAAgAACSAAAAAAAAAAAAAAAAAAAAAKTGl0ZXJhdHVyZQAQAAgAAMnRGSkAAAARAAgAAMtgqQAAAAABABgA7YuIAOi6UgDEMQkAE7MeAA4NAQAODPQAAgBpVW5vOlVzZXJzOgBhcnRodXI6AERyb3Bib3g6ADFfc2hhcmU6AEJJT0lORiAzOTkwIC0gSW5kIFN0dWR5OgBMaXRlcmF0dXJlOgBQZW4tYmFzZWQgRWxlY3Ryb25pYyNGQkY3NTQucGRmAAAOAJwATQBQAGUAbgAtAGIAYQBzAGUAZAAgAEUAbABlAGMAdAByAG8AbgBpAGMAIABNAGUAZABpAGMAYQBsACAAUgBlAGMAbwByAGQAIAAgAG8AbgAgAGEAIABUAGEAYgBsAGUAdAAgAFAAQwAgAGkAbgAgAGEAIABNAGUAZABpAGMAYQBsACAAUAByAGEAYwB0AGkAYwBlAC4AcABkAGYADwAIAAMAVQBuAG8AEgCNVXNlcnMvYXJ0aHVyL0Ryb3Bib3gvMV9zaGFyZS9CSU9JTkYgMzk5MCAtIEluZCBTdHVkeS9MaXRlcmF0dXJlL1Blbi1iYXNlZCBFbGVjdHJvbmljIE1lZGljYWwgUmVjb3JkICBvbiBhIFRhYmxldCBQQyBpbiBhIE1lZGljYWwgUHJhY3RpY2UucGRmAAATAAEvAAAVAAIADf//AACABdIcHR4fWCRjbGFzc2VzWiRjbGFzc25hbWWjHyAhXU5TTXV0YWJsZURhdGFWTlNEYXRhWE5TT2JqZWN0XxBbLi4vTGl0ZXJhdHVyZS9QZW4tYmFzZWQgRWxlY3Ryb25pYyBNZWRpY2FsIFJlY29yZCAgb24gYSBUYWJsZXQgUEMgaW4gYSBNZWRpY2FsIFByYWN0aWNlLnBkZtIcHSQloiUhXE5TRGljdGlvbmFyeRIAAYagXxAPTlNLZXllZEFyY2hpdmVyAAgAEQAWAB8AKAAyADUAOgA8AEUASwBSAF0AZQBsAG8AcQBzAHYAeAB6AHwAhgCTAJgAoAM4AzoDPwNIA1MDVwNlA2wDdQPTA9gD2wPoA+0AAAAAAAACAQAAAAAAAAAoAAAAAAAAAAAAAAAAAAAD/w==}}

@article{Mackenzi2002Text-entry-for-,
	Author = {Mackenzi, S and Soukoreff, W},
	Date-Added = {2012-02-15 00:03:08 +0000},
	Date-Modified = {2012-02-15 00:05:43 +0000},
	Journal = {Human-Computer Interaction},
	Keywords = {data entry},
	Number = {2 and 3},
	Pages = {147--98},
	Title = {Text entry for mobile computing: models and methods, theory and practice},
	Volume = {17},
	Year = {2002},
	Bdsk-File-1 = {YnBsaXN0MDDUAQIDBAUIJidUJHRvcFgkb2JqZWN0c1gkdmVyc2lvblkkYXJjaGl2ZXLRBgdUcm9vdIABqAkKFRYXGyIjVSRudWxs0wsMDQ4RFFpOUy5vYmplY3RzV05TLmtleXNWJGNsYXNzog8QgASABqISE4ACgAOAB1lhbGlhc0RhdGFccmVsYXRpdmVQYXRo0hgNGRpXTlMuZGF0YU8RApAAAAAAApAAAgAAA1VubwAAAAAAAAAAAAAAAAAAAAAAAAAAAAAAAMnQ4OlIKwAAAO2LiB9UZXh0IGVudHJ5IGZvciBtb2JpbCNGQkVGQUEucGRmAAAAAAAAAAAAAAAAAAAAAAAAAAAAAAAAAAAAAAAAAAAA+++qy2Bg1AAAAAAAAAAAAAEAAgAACSAAAAAAAAAAAAAAAAAAAAAKTGl0ZXJhdHVyZQAQAAgAAMnRGSkAAAARAAgAAMtgpyQAAAABABgA7YuIAOi6UgDEMQkAE7MeAA4NAQAODPQAAgBpVW5vOlVzZXJzOgBhcnRodXI6AERyb3Bib3g6ADFfc2hhcmU6AEJJT0lORiAzOTkwIC0gSW5kIFN0dWR5OgBMaXRlcmF0dXJlOgBUZXh0IGVudHJ5IGZvciBtb2JpbCNGQkVGQUEucGRmAAAOAJoATABUAGUAeAB0ACAAZQBuAHQAcgB5ACAAZgBvAHIAIABtAG8AYgBpAGwAZQAgAGMAbwBtAHAAdQB0AGkAbgBnAC0AIABtAG8AZABlAGwAcwAgAGEAbgBkACAAbQBlAHQAaABvAGQAcwAsACAAdABoAGUAbwByAHkAIABhAG4AZAAgAHAAcgBhAGMAdABpAGMAZQAuAHAAZABmAA8ACAADAFUAbgBvABIAjFVzZXJzL2FydGh1ci9Ecm9wYm94LzFfc2hhcmUvQklPSU5GIDM5OTAgLSBJbmQgU3R1ZHkvTGl0ZXJhdHVyZS9UZXh0IGVudHJ5IGZvciBtb2JpbGUgY29tcHV0aW5nLSBtb2RlbHMgYW5kIG1ldGhvZHMsIHRoZW9yeSBhbmQgcHJhY3RpY2UucGRmABMAAS8AABUAAgAN//8AAIAF0hwdHh9YJGNsYXNzZXNaJGNsYXNzbmFtZaMfICFdTlNNdXRhYmxlRGF0YVZOU0RhdGFYTlNPYmplY3RfEFouLi9MaXRlcmF0dXJlL1RleHQgZW50cnkgZm9yIG1vYmlsZSBjb21wdXRpbmctIG1vZGVscyBhbmQgbWV0aG9kcywgdGhlb3J5IGFuZCBwcmFjdGljZS5wZGbSHB0kJaIlIVxOU0RpY3Rpb25hcnkSAAGGoF8QD05TS2V5ZWRBcmNoaXZlcgAIABEAFgAfACgAMgA1ADoAPABFAEsAUgBdAGUAbABvAHEAcwB2AHgAegB8AIYAkwCYAKADNAM2AzsDRANPA1MDYQNoA3EDzgPTA9YD4wPoAAAAAAAAAgEAAAAAAAAAKAAAAAAAAAAAAAAAAAAAA/o=}}

@inproceedings{Seneviratne2010Improving-stylu,
	Address = {New York, NY},
	Author = {Seneviratne, Nilanthi and Plimmer, Beryl},
	Booktitle = {Proceedings of the 22nd Conference of the Computer-Human Interaction Special Interest Group of Australia on Computer-Human Interaction},
	Date-Added = {2012-02-14 23:58:37 +0000},
	Date-Modified = {2012-02-15 00:00:29 +0000},
	Keywords = {data entry},
	Pages = {280--87},
	Publisher = {ACM},
	Series = {OZCHI '10},
	Title = {Improving stylus interaction for eMedical forms},
	Year = {2010},
	Bdsk-File-1 = {YnBsaXN0MDDUAQIDBAUIJidUJHRvcFgkb2JqZWN0c1gkdmVyc2lvblkkYXJjaGl2ZXLRBgdUcm9vdIABqAkKFRYXGyIjVSRudWxs0wsMDQ4RFFpOUy5vYmplY3RzV05TLmtleXNWJGNsYXNzog8QgASABqISE4ACgAOAB1lhbGlhc0RhdGFccmVsYXRpdmVQYXRo0hgNGRpXTlMuZGF0YU8RAkYAAAAAAkYAAgAAA1VubwAAAAAAAAAAAAAAAAAAAAAAAAAAAAAAAMnQ4OlIKwAAAO2LiB9JbXByb3ZpbmcgU3R5bHVzIEludCNGQkU1RDUucGRmAAAAAAAAAAAAAAAAAAAAAAAAAAAAAAAAAAAAAAAAAAAA++XVy2BcPAAAAAAAAAAAAAEAAgAACSAAAAAAAAAAAAAAAAAAAAAKTGl0ZXJhdHVyZQAQAAgAAMnRGSkAAAARAAgAAMtgoowAAAABABgA7YuIAOi6UgDEMQkAE7MeAA4NAQAODPQAAgBpVW5vOlVzZXJzOgBhcnRodXI6AERyb3Bib3g6ADFfc2hhcmU6AEJJT0lORiAzOTkwIC0gSW5kIFN0dWR5OgBMaXRlcmF0dXJlOgBJbXByb3ZpbmcgU3R5bHVzIEludCNGQkU1RDUucGRmAAAOAGgAMwBJAG0AcAByAG8AdgBpAG4AZwAgAFMAdAB5AGwAdQBzACAASQBuAHQAZQByAGEAYwB0AGkAbwBuACAAZgBvAHIAIABlAE0AZQBkAGkAYwBhAGwAIABGAG8AcgBtAHMALgBwAGQAZgAPAAgAAwBVAG4AbwASAHNVc2Vycy9hcnRodXIvRHJvcGJveC8xX3NoYXJlL0JJT0lORiAzOTkwIC0gSW5kIFN0dWR5L0xpdGVyYXR1cmUvSW1wcm92aW5nIFN0eWx1cyBJbnRlcmFjdGlvbiBmb3IgZU1lZGljYWwgRm9ybXMucGRmAAATAAEvAAAVAAIADf//AACABdIcHR4fWCRjbGFzc2VzWiRjbGFzc25hbWWjHyAhXU5TTXV0YWJsZURhdGFWTlNEYXRhWE5TT2JqZWN0XxBBLi4vTGl0ZXJhdHVyZS9JbXByb3ZpbmcgU3R5bHVzIEludGVyYWN0aW9uIGZvciBlTWVkaWNhbCBGb3Jtcy5wZGbSHB0kJaIlIVxOU0RpY3Rpb25hcnkSAAGGoF8QD05TS2V5ZWRBcmNoaXZlcgAIABEAFgAfACgAMgA1ADoAPABFAEsAUgBdAGUAbABvAHEAcwB2AHgAegB8AIYAkwCYAKAC6gLsAvEC+gMFAwkDFwMeAycDawNwA3MDgAOFAAAAAAAAAgEAAAAAAAAAKAAAAAAAAAAAAAAAAAAAA5c=}}

@inproceedings{Ramos2007Pointing-lenses,
	Abstract = {Using a stylus on a tablet computer to acquire small targets can be challenging. In this paper we present pointing lenses -- interaction techniques that help users acquire and select targets by presenting them with an enlarged visual and interaction area. We present and study three pointing lenses for pen-based systems and find that our proposed Pressure-Activated Lens is the top overall performer in terms of speed, accuracy and user preference. In addition, our experimental results not only show that participants find all pointing lenses beneficial for targets smaller than 5 pixels, but they also suggest that this benefit may extend to larger targets as well.},
	Address = {New York, NY},
	Annote = {Pointing and clicking remains the main method for selecting items on a form. However this method is cumbersome when using a stylus: it requires considerable time to select small objects (i.e. check boxes and radio buttons). This can be alleviated by making a controls' target area larger (Ramos, Cockburn, Balakrishnan, & Beaudouin-Lafon, 2007)
},
	Author = {Ramos, G and Cockburn, A and Balakrishnan, R and Beaudouin-Lafon, M},
	Booktitle = {Proceedings of the SIGCHI conference on Human factors in computing systems},
	Date-Added = {2012-02-14 23:51:53 +0000},
	Date-Modified = {2012-02-15 20:53:35 +0000},
	Keywords = {data entry},
	Pages = {757--66},
	Publisher = {ACM},
	Series = {CHI '07},
	Title = {Pointing lenses: facilitating stylus input through visual-and motor-space magnification},
	Year = {2007},
	Bdsk-File-1 = {YnBsaXN0MDDUAQIDBAUIJidUJHRvcFgkb2JqZWN0c1gkdmVyc2lvblkkYXJjaGl2ZXLRBgdUcm9vdIABqAkKFRYXGyIjVSRudWxs0wsMDQ4RFFpOUy5vYmplY3RzV05TLmtleXNWJGNsYXNzog8QgASABqISE4ACgAOAB1lhbGlhc0RhdGFccmVsYXRpdmVQYXRo0hgNGRpXTlMuZGF0YU8RAsYAAAAAAsYAAgAAA1VubwAAAAAAAAAAAAAAAAAAAAAAAAAAAAAAAMnQ4OlIKwAAAO2LiB9Qb2ludGluZyBMZW5zZXMtIEZhYyNGQkU4NkUucGRmAAAAAAAAAAAAAAAAAAAAAAAAAAAAAAAAAAAAAAAAAAAA++huy2BdmgAAAAAAAAAAAAEAAgAACSAAAAAAAAAAAAAAAAAAAAAKTGl0ZXJhdHVyZQAQAAgAAMnRGSkAAAARAAgAAMtgo+oAAAABABgA7YuIAOi6UgDEMQkAE7MeAA4NAQAODPQAAgBpVW5vOlVzZXJzOgBhcnRodXI6AERyb3Bib3g6ADFfc2hhcmU6AEJJT0lORiAzOTkwIC0gSW5kIFN0dWR5OgBMaXRlcmF0dXJlOgBQb2ludGluZyBMZW5zZXMtIEZhYyNGQkU4NkUucGRmAAAOAL4AXgBQAG8AaQBuAHQAaQBuAGcAIABMAGUAbgBzAGUAcwAtACAARgBhAGMAaQBsAGkAdABhAHQAaQBuAGcAIABTAHQAeQBsAHUAcwAgAEkAbgBwAHUAdAAgAHQAaAByAG8AdQBnAGgAIAAgACAAVgBpAHMAdQBhAGwALQAgAGEAbgBkACAATQBvAHQAbwByAC0AUwBwAGEAYwBlACAATQBhAGcAbgBpAGYAaQBjAGEAdABpAG8AbgAuAHAAZABmAA8ACAADAFUAbgBvABIAnlVzZXJzL2FydGh1ci9Ecm9wYm94LzFfc2hhcmUvQklPSU5GIDM5OTAgLSBJbmQgU3R1ZHkvTGl0ZXJhdHVyZS9Qb2ludGluZyBMZW5zZXMtIEZhY2lsaXRhdGluZyBTdHlsdXMgSW5wdXQgdGhyb3VnaCAgIFZpc3VhbC0gYW5kIE1vdG9yLVNwYWNlIE1hZ25pZmljYXRpb24ucGRmABMAAS8AABUAAgAN//8AAIAF0hwdHh9YJGNsYXNzZXNaJGNsYXNzbmFtZaMfICFdTlNNdXRhYmxlRGF0YVZOU0RhdGFYTlNPYmplY3RfEGwuLi9MaXRlcmF0dXJlL1BvaW50aW5nIExlbnNlcy0gRmFjaWxpdGF0aW5nIFN0eWx1cyBJbnB1dCB0aHJvdWdoICAgVmlzdWFsLSBhbmQgTW90b3ItU3BhY2UgTWFnbmlmaWNhdGlvbi5wZGbSHB0kJaIlIVxOU0RpY3Rpb25hcnkSAAGGoF8QD05TS2V5ZWRBcmNoaXZlcgAIABEAFgAfACgAMgA1ADoAPABFAEsAUgBdAGUAbABvAHEAcwB2AHgAegB8AIYAkwCYAKADagNsA3EDegOFA4kDlwOeA6cEFgQbBB4EKwQwAAAAAAAAAgEAAAAAAAAAKAAAAAAAAAAAAAAAAAAABEI=}}

@inproceedings{Taib2006Multimodal-User,
	Address = {Darlinghurst, Australia},
	Author = {Taib, R and Shi, Y and Choi, E and Chen, F and Sladescu, M and Phung, N},
	Booktitle = {Proceedings of the 2005 NICTA-HCSNet Multimodal User Interaction Workshop},
	Date-Added = {2012-02-14 23:39:20 +0000},
	Date-Modified = {2012-02-14 23:43:27 +0000},
	Keywords = {data entry},
	Pages = {55-9},
	Publisher = {Austrailian Computer Society, Inc.},
	Series = {MMUI '05},
	Title = {Multimodal User Interface Facilitating Critical Data Entry for Traffic Incident Management},
	Volume = {57},
	Year = {2006},
	Bdsk-File-1 = {YnBsaXN0MDDUAQIDBAUIJidUJHRvcFgkb2JqZWN0c1gkdmVyc2lvblkkYXJjaGl2ZXLRBgdUcm9vdIABqAkKFRYXGyIjVSRudWxs0wsMDQ4RFFpOUy5vYmplY3RzV05TLmtleXNWJGNsYXNzog8QgASABqISE4ACgAOAB1lhbGlhc0RhdGFccmVsYXRpdmVQYXRo0hgNGRpXTlMuZGF0YU8RAsYAAAAAAsYAAgAAA1VubwAAAAAAAAAAAAAAAAAAAAAAAAAAAAAAAMnQ4OlIKwAAAO2LiB9tdWx0aW1vZGFsIHVzZXIgaW50ZSNGQkRBNDUucGRmAAAAAAAAAAAAAAAAAAAAAAAAAAAAAAAAAAAAAAAAAAAA+9pFy2BIQAAAAAAAAAAAAAEAAgAACSAAAAAAAAAAAAAAAAAAAAAKTGl0ZXJhdHVyZQAQAAgAAMnRGSkAAAARAAgAAMtgjpAAAAABABgA7YuIAOi6UgDEMQkAE7MeAA4NAQAODPQAAgBpVW5vOlVzZXJzOgBhcnRodXI6AERyb3Bib3g6ADFfc2hhcmU6AEJJT0lORiAzOTkwIC0gSW5kIFN0dWR5OgBMaXRlcmF0dXJlOgBtdWx0aW1vZGFsIHVzZXIgaW50ZSNGQkRBNDUucGRmAAAOAL4AXgBtAHUAbAB0AGkAbQBvAGQAYQBsACAAdQBzAGUAcgAgAGkAbgB0AGUAcgBmAGEAYwBlACAAZgBhAGMAaQBsAGkAdABhAHQAaQBuAGcAIABjAHIAaQB0AGkAYwBhAGwAIABkAGEAdABhACAAZQBuAHQAcgB5ACAAZgBvAHIAIAB0AHIAYQBmAGYAaQBjACAAaQBuAGMAaQBkAGUAbgB0ACAAbQBhAG4AYQBnAGUAbQBlAG4AdAAuAHAAZABmAA8ACAADAFUAbgBvABIAnlVzZXJzL2FydGh1ci9Ecm9wYm94LzFfc2hhcmUvQklPSU5GIDM5OTAgLSBJbmQgU3R1ZHkvTGl0ZXJhdHVyZS9tdWx0aW1vZGFsIHVzZXIgaW50ZXJmYWNlIGZhY2lsaXRhdGluZyBjcml0aWNhbCBkYXRhIGVudHJ5IGZvciB0cmFmZmljIGluY2lkZW50IG1hbmFnZW1lbnQucGRmABMAAS8AABUAAgAN//8AAIAF0hwdHh9YJGNsYXNzZXNaJGNsYXNzbmFtZaMfICFdTlNNdXRhYmxlRGF0YVZOU0RhdGFYTlNPYmplY3RfEGwuLi9MaXRlcmF0dXJlL211bHRpbW9kYWwgdXNlciBpbnRlcmZhY2UgZmFjaWxpdGF0aW5nIGNyaXRpY2FsIGRhdGEgZW50cnkgZm9yIHRyYWZmaWMgaW5jaWRlbnQgbWFuYWdlbWVudC5wZGbSHB0kJaIlIVxOU0RpY3Rpb25hcnkSAAGGoF8QD05TS2V5ZWRBcmNoaXZlcgAIABEAFgAfACgAMgA1ADoAPABFAEsAUgBdAGUAbABvAHEAcwB2AHgAegB8AIYAkwCYAKADagNsA3EDegOFA4kDlwOeA6cEFgQbBB4EKwQwAAAAAAAAAgEAAAAAAAAAKAAAAAAAAAAAAAAAAAAABEI=}}

@article{Sudano2005Using-tablet-PC,
	Author = {Sudano, JJ and Kofford, B and Wotman, S},
	Date-Added = {2012-02-07 23:48:39 +0000},
	Date-Modified = {2012-04-11 19:24:08 +0000},
	Journal = {J Public Health Dent},
	Keywords = {data entry},
	Month = {Fall},
	Number = {4},
	Pages = {244-5},
	Title = {Using tablet PC's in dental practice research: technology, cost savings, and direct data entry ``on the go''},
	Volume = {65},
	Year = {2005},
	Bdsk-File-1 = {YnBsaXN0MDDUAQIDBAUIJidUJHRvcFgkb2JqZWN0c1gkdmVyc2lvblkkYXJjaGl2ZXLRBgdUcm9vdIABqAkKFRYXGyIjVSRudWxs0wsMDQ4RFFpOUy5vYmplY3RzV05TLmtleXNWJGNsYXNzog8QgASABqISE4ACgAOAB1lhbGlhc0RhdGFccmVsYXRpdmVQYXRo0hgNGRpXTlMuZGF0YU8RAtAAAAAAAtAAAgAAA1VubwAAAAAAAAAAAAAAAAAAAAAAAAAAAAAAAMnQ4OlIKwAAAO2LiB9Vc2luZyBUYWJsZXQgUENzIGluICNGN0UxQ0YucGRmAAAAAAAAAAAAAAAAAAAAAAAAAAAAAAAAAAAAAAAAAAAA9+HPy1ci5QAAAAAAAAAAAAEAAgAACSAAAAAAAAAAAAAAAAAAAAAKTGl0ZXJhdHVyZQAQAAgAAMnRGSkAAAARAAgAAMtXaTUAAAABABgA7YuIAOi6UgDEMQkAE7MeAA4NAQAODPQAAgBpVW5vOlVzZXJzOgBhcnRodXI6AERyb3Bib3g6ADFfc2hhcmU6AEJJT0lORiAzOTkwIC0gSW5kIFN0dWR5OgBMaXRlcmF0dXJlOgBVc2luZyBUYWJsZXQgUENzIGluICNGN0UxQ0YucGRmAAAOAMQAYQBVAHMAaQBuAGcAIABUAGEAYgBsAGUAdAAgAFAAQwBzACAAaQBuACAARABlAG4AdABhAGwAIABQAHIAYQBjAHQAaQBjAGUAIABSAGUAcwBlAGEAcgBjAGgALQAgAFQAZQBjAGgAbgBvAGwAbwBnAHkALAAgAEMAbwBzAHQAIABTAGEAdgBpAG4AZwBzACwAIABhAG4AZAAgAEQAaQByAGUAYwB0ACAARABhAHQAYQAgAEUAbgB0AHIAeQAuAHAAZABmAA8ACAADAFUAbgBvABIAoVVzZXJzL2FydGh1ci9Ecm9wYm94LzFfc2hhcmUvQklPSU5GIDM5OTAgLSBJbmQgU3R1ZHkvTGl0ZXJhdHVyZS9Vc2luZyBUYWJsZXQgUENzIGluIERlbnRhbCBQcmFjdGljZSBSZXNlYXJjaC0gVGVjaG5vbG9neSwgQ29zdCBTYXZpbmdzLCBhbmQgRGlyZWN0IERhdGEgRW50cnkucGRmAAATAAEvAAAVAAIADf//AACABdIcHR4fWCRjbGFzc2VzWiRjbGFzc25hbWWjHyAhXU5TTXV0YWJsZURhdGFWTlNEYXRhWE5TT2JqZWN0XxBvLi4vTGl0ZXJhdHVyZS9Vc2luZyBUYWJsZXQgUENzIGluIERlbnRhbCBQcmFjdGljZSBSZXNlYXJjaC0gVGVjaG5vbG9neSwgQ29zdCBTYXZpbmdzLCBhbmQgRGlyZWN0IERhdGEgRW50cnkucGRm0hwdJCWiJSFcTlNEaWN0aW9uYXJ5EgABhqBfEA9OU0tleWVkQXJjaGl2ZXIACAARABYAHwAoADIANQA6ADwARQBLAFIAXQBlAGwAbwBxAHMAdgB4AHoAfACGAJMAmACgA3QDdgN7A4QDjwOTA6EDqAOxBCMEKAQrBDgEPQAAAAAAAAIBAAAAAAAAACgAAAAAAAAAAAAAAAAAAARP}}

@article{Haller2009Handheld-vs.-la,
	Author = {Haller, G and Haller, DM and Courvoisier, DS and Lovis, C},
	Date-Added = {2012-02-07 23:44:16 +0000},
	Date-Modified = {2012-02-07 23:46:49 +0000},
	Journal = {J Am Med Inform Assoc},
	Keywords = {data entry},
	Month = {Sep-Oct},
	Number = {5},
	Pages = {651-59},
	Title = {Handheld vs. laptop computers for electronic data collection in clinical research: a crossover randomized trial},
	Volume = {16},
	Year = {2009},
	Bdsk-File-1 = {YnBsaXN0MDDUAQIDBAUIJidUJHRvcFgkb2JqZWN0c1gkdmVyc2lvblkkYXJjaGl2ZXLRBgdUcm9vdIABqAkKFRYXGyIjVSRudWxs0wsMDQ4RFFpOUy5vYmplY3RzV05TLmtleXNWJGNsYXNzog8QgASABqISE4ACgAOAB1lhbGlhc0RhdGFccmVsYXRpdmVQYXRo0hgNGRpXTlMuZGF0YU8RAqwAAAAAAqwAAgAAA1VubwAAAAAAAAAAAAAAAAAAAAAAAAAAAAAAAMnQ4OlIKwAAAO2LiB9IYW5kaGVsZCB2cy4gTGFwdG9wICNGN0RERjUucGRmAAAAAAAAAAAAAAAAAAAAAAAAAAAAAAAAAAAAAAAAAAAA9931y1ch9wAAAAAAAAAAAAEAAgAACSAAAAAAAAAAAAAAAAAAAAAKTGl0ZXJhdHVyZQAQAAgAAMnRGSkAAAARAAgAAMtXaEcAAAABABgA7YuIAOi6UgDEMQkAE7MeAA4NAQAODPQAAgBpVW5vOlVzZXJzOgBhcnRodXI6AERyb3Bib3g6ADFfc2hhcmU6AEJJT0lORiAzOTkwIC0gSW5kIFN0dWR5OgBMaXRlcmF0dXJlOgBIYW5kaGVsZCB2cy4gTGFwdG9wICNGN0RERjUucGRmAAAOAKwAVQBIAGEAbgBkAGgAZQBsAGQAIAB2AHMALgAgAEwAYQBwAHQAbwBwACAAQwBvAG0AcAB1AHQAZQByAHMAIABmAG8AcgAgAEUAbABlAGMAdAByAG8AbgBpAGMAIABEAGEAdABhACAAQwBvAGwAbABlAGMAdABpAG8AbgAgAGkAbgAgAEMAbABpAG4AaQBjAGEAbAAgAFIAZQBzAGUAYQByAGMAaAAuAHAAZABmAA8ACAADAFUAbgBvABIAlVVzZXJzL2FydGh1ci9Ecm9wYm94LzFfc2hhcmUvQklPSU5GIDM5OTAgLSBJbmQgU3R1ZHkvTGl0ZXJhdHVyZS9IYW5kaGVsZCB2cy4gTGFwdG9wIENvbXB1dGVycyBmb3IgRWxlY3Ryb25pYyBEYXRhIENvbGxlY3Rpb24gaW4gQ2xpbmljYWwgUmVzZWFyY2gucGRmAAATAAEvAAAVAAIADf//AACABdIcHR4fWCRjbGFzc2VzWiRjbGFzc25hbWWjHyAhXU5TTXV0YWJsZURhdGFWTlNEYXRhWE5TT2JqZWN0XxBjLi4vTGl0ZXJhdHVyZS9IYW5kaGVsZCB2cy4gTGFwdG9wIENvbXB1dGVycyBmb3IgRWxlY3Ryb25pYyBEYXRhIENvbGxlY3Rpb24gaW4gQ2xpbmljYWwgUmVzZWFyY2gucGRm0hwdJCWiJSFcTlNEaWN0aW9uYXJ5EgABhqBfEA9OU0tleWVkQXJjaGl2ZXIACAARABYAHwAoADIANQA6ADwARQBLAFIAXQBlAGwAbwBxAHMAdgB4AHoAfACGAJMAmACgA1ADUgNXA2ADawNvA30DhAONA/MD+AP7BAgEDQAAAAAAAAIBAAAAAAAAACgAAAAAAAAAAAAAAAAAAAQf}}

@article{Cole2006A-comparative-s,
	Author = {Cole, E and Pisano, ED and Clary, GJ and Zeng, D and Koomen, M and Kuzmiak, CM and Seo, BK and Lee, Y and Pavic, D},
	Date-Added = {2012-02-07 23:41:35 +0000},
	Date-Modified = {2012-02-07 23:43:38 +0000},
	Journal = {Int J Med Inform},
	Keywords = {data entry},
	Number = {10-11},
	Pages = {722-29},
	Title = {A comparative study of mobile electronic data entry systems for clinical trials data collectio},
	Volume = {75},
	Year = {2006},
	Bdsk-File-1 = {YnBsaXN0MDDUAQIDBAUIJidUJHRvcFgkb2JqZWN0c1gkdmVyc2lvblkkYXJjaGl2ZXLRBgdUcm9vdIABqAkKFRYXGyIjVSRudWxs0wsMDQ4RFFpOUy5vYmplY3RzV05TLmtleXNWJGNsYXNzog8QgASABqISE4ACgAOAB1lhbGlhc0RhdGFccmVsYXRpdmVQYXRo0hgNGRpXTlMuZGF0YU8RAtIAAAAAAtIAAgAAA1VubwAAAAAAAAAAAAAAAAAAAAAAAAAAAAAAAMnQ4OlIKwAAAO2LiB9BIGNvbXBhcmF0aXZlIHN0dWR5ICNGN0Q5NTkucGRmAAAAAAAAAAAAAAAAAAAAAAAAAAAAAAAAAAAAAAAAAAAA99lZy1cg1QAAAAAAAAAAAAEAAgAACSAAAAAAAAAAAAAAAAAAAAAKTGl0ZXJhdHVyZQAQAAgAAMnRGSkAAAARAAgAAMtXZyUAAAABABgA7YuIAOi6UgDEMQkAE7MeAA4NAQAODPQAAgBpVW5vOlVzZXJzOgBhcnRodXI6AERyb3Bib3g6ADFfc2hhcmU6AEJJT0lORiAzOTkwIC0gSW5kIFN0dWR5OgBMaXRlcmF0dXJlOgBBIGNvbXBhcmF0aXZlIHN0dWR5ICNGN0Q5NTkucGRmAAAOAMYAYgBBACAAYwBvAG0AcABhAHIAYQB0AGkAdgBlACAAcwB0AHUAZAB5ACAAbwBmACAAbQBvAGIAaQBsAGUAIABlAGwAZQBjAHQAcgBvAG4AaQBjACAAZABhAHQAYQAgAGUAbgB0AHIAeQAgAHMAeQBzAHQAZQBtAHMAIABmAG8AcgAgAGMAbABpAG4AaQBjAGEAbAAgAHQAcgBpAGEAbABzACAAZABhAHQAYQAgAGMAbwBsAGwAZQBjAHQAaQBvAC4AcABkAGYADwAIAAMAVQBuAG8AEgCiVXNlcnMvYXJ0aHVyL0Ryb3Bib3gvMV9zaGFyZS9CSU9JTkYgMzk5MCAtIEluZCBTdHVkeS9MaXRlcmF0dXJlL0EgY29tcGFyYXRpdmUgc3R1ZHkgb2YgbW9iaWxlIGVsZWN0cm9uaWMgZGF0YSBlbnRyeSBzeXN0ZW1zIGZvciBjbGluaWNhbCB0cmlhbHMgZGF0YSBjb2xsZWN0aW8ucGRmABMAAS8AABUAAgAN//8AAIAF0hwdHh9YJGNsYXNzZXNaJGNsYXNzbmFtZaMfICFdTlNNdXRhYmxlRGF0YVZOU0RhdGFYTlNPYmplY3RfEHAuLi9MaXRlcmF0dXJlL0EgY29tcGFyYXRpdmUgc3R1ZHkgb2YgbW9iaWxlIGVsZWN0cm9uaWMgZGF0YSBlbnRyeSBzeXN0ZW1zIGZvciBjbGluaWNhbCB0cmlhbHMgZGF0YSBjb2xsZWN0aW8ucGRm0hwdJCWiJSFcTlNEaWN0aW9uYXJ5EgABhqBfEA9OU0tleWVkQXJjaGl2ZXIACAARABYAHwAoADIANQA6ADwARQBLAFIAXQBlAGwAbwBxAHMAdgB4AHoAfACGAJMAmACgA3YDeAN9A4YDkQOVA6MDqgOzBCYEKwQuBDsEQAAAAAAAAAIBAAAAAAAAACgAAAAAAAAAAAAAAAAAAARS}}

@article{Beinlich1993Pen-based-remot,
	Author = {Beinlich, I and Bokemeyer, C and R{\"a}th, U and Walter-Kirst, R and Hartlapp, J and Muschiol, J and Fraass, U and Schneider, HT},
	Date-Added = {2012-02-07 23:37:39 +0000},
	Date-Modified = {2012-02-07 23:40:18 +0000},
	Journal = {Arzneimittel-Forschung},
	Keywords = {data entry},
	Number = {3},
	Pages = {399-404},
	Title = {Pen-based remote data entry system. A pilot clinical trial},
	Volume = {43},
	Year = {1993},
	Bdsk-File-1 = {YnBsaXN0MDDUAQIDBAUIJidUJHRvcFgkb2JqZWN0c1gkdmVyc2lvblkkYXJjaGl2ZXLRBgdUcm9vdIABqAkKFRYXGyIjVSRudWxs0wsMDQ4RFFpOUy5vYmplY3RzV05TLmtleXNWJGNsYXNzog8QgASABqISE4ACgAOAB1lhbGlhc0RhdGFccmVsYXRpdmVQYXRo0hgNGRpXTlMuZGF0YU8RAhwAAAAAAhwAAgAAA1VubwAAAAAAAAAAAAAAAAAAAAAAAAAAAAAAAMnQ4OlIKwAAAO2LiB9wZW5iYXNlZCByZW1vdGUgZGF0YSNGN0QzRTgucGRmAAAAAAAAAAAAAAAAAAAAAAAAAAAAAAAAAAAAAAAAAAAA99Poy1cf4QAAAAAAAAAAAAEAAgAACSAAAAAAAAAAAAAAAAAAAAAKTGl0ZXJhdHVyZQAQAAgAAMnRGSkAAAARAAgAAMtXZjEAAAABABgA7YuIAOi6UgDEMQkAE7MeAA4NAQAODPQAAgBpVW5vOlVzZXJzOgBhcnRodXI6AERyb3Bib3g6ADFfc2hhcmU6AEJJT0lORiAzOTkwIC0gSW5kIFN0dWR5OgBMaXRlcmF0dXJlOgBwZW5iYXNlZCByZW1vdGUgZGF0YSNGN0QzRTgucGRmAAAOAEwAJQBwAGUAbgBiAGEAcwBlAGQAIAByAGUAbQBvAHQAZQAgAGQAYQB0AGEAIABlAG4AdAByAHkAIABzAHkAcwB0AGUAbQAuAHAAZABmAA8ACAADAFUAbgBvABIAZVVzZXJzL2FydGh1ci9Ecm9wYm94LzFfc2hhcmUvQklPSU5GIDM5OTAgLSBJbmQgU3R1ZHkvTGl0ZXJhdHVyZS9wZW5iYXNlZCByZW1vdGUgZGF0YSBlbnRyeSBzeXN0ZW0ucGRmAAATAAEvAAAVAAIADf//AACABdIcHR4fWCRjbGFzc2VzWiRjbGFzc25hbWWjHyAhXU5TTXV0YWJsZURhdGFWTlNEYXRhWE5TT2JqZWN0XxAzLi4vTGl0ZXJhdHVyZS9wZW5iYXNlZCByZW1vdGUgZGF0YSBlbnRyeSBzeXN0ZW0ucGRm0hwdJCWiJSFcTlNEaWN0aW9uYXJ5EgABhqBfEA9OU0tleWVkQXJjaGl2ZXIACAARABYAHwAoADIANQA6ADwARQBLAFIAXQBlAGwAbwBxAHMAdgB4AHoAfACGAJMAmACgAsACwgLHAtAC2wLfAu0C9AL9AzMDOAM7A0gDTQAAAAAAAAIBAAAAAAAAACgAAAAAAAAAAAAAAAAAAANf}}

@article{Kirby1996The-PEN--PAD-da,
	Author = {Kirby, J and Rector, AL},
	Date-Added = {2012-02-07 23:27:32 +0000},
	Date-Modified = {2012-02-07 23:51:56 +0000},
	Journal = {Proc Annu Symp Am Med Inform Assoc},
	Keywords = {data entry},
	Pages = {709},
	Title = {The PEN \& PAD data entry system: from prototype to practical system},
	Year = {1996},
	Bdsk-File-1 = {YnBsaXN0MDDUAQIDBAUIJidUJHRvcFgkb2JqZWN0c1gkdmVyc2lvblkkYXJjaGl2ZXLRBgdUcm9vdIABqAkKFRYXGyIjVSRudWxs0wsMDQ4RFFpOUy5vYmplY3RzV05TLmtleXNWJGNsYXNzog8QgASABqISE4ACgAOAB1lhbGlhc0RhdGFccmVsYXRpdmVQYXRo0hgNGRpXTlMuZGF0YU8RAngAAAAAAngAAgAAA1VubwAAAAAAAAAAAAAAAAAAAAAAAAAAAAAAAMnQ4OlIKwAAAO2LiB9UaGUgUEVOblBBRCBEYXRhIEVudCNGN0NEQUIucGRmAAAAAAAAAAAAAAAAAAAAAAAAAAAAAAAAAAAAAAAAAAAA982ry1cd8wAAAAAAAAAAAAEAAgAACSAAAAAAAAAAAAAAAAAAAAAKTGl0ZXJhdHVyZQAQAAgAAMnRGSkAAAARAAgAAMtXZEMAAAABABgA7YuIAOi6UgDEMQkAE7MeAA4NAQAODPQAAgBpVW5vOlVzZXJzOgBhcnRodXI6AERyb3Bib3g6ADFfc2hhcmU6AEJJT0lORiAzOTkwIC0gSW5kIFN0dWR5OgBMaXRlcmF0dXJlOgBUaGUgUEVOblBBRCBEYXRhIEVudCNGN0NEQUIucGRmAAAOAIoARABUAGgAZQAgAFAARQBOAG4AUABBAEQAIABEAGEAdABhACAARQBuAHQAcgB5ACAAUwB5AHMAdABlAG0AIABmAHIAbwBtACAAcAByAG8AdABvAHQAeQBwAGUAIAB0AG8AIABwAHIAYQBjAHQAaQBjAGEAbAAgAHMAeQBzAHQAZQBtAC4AcABkAGYADwAIAAMAVQBuAG8AEgCEVXNlcnMvYXJ0aHVyL0Ryb3Bib3gvMV9zaGFyZS9CSU9JTkYgMzk5MCAtIEluZCBTdHVkeS9MaXRlcmF0dXJlL1RoZSBQRU5uUEFEIERhdGEgRW50cnkgU3lzdGVtIGZyb20gcHJvdG90eXBlIHRvIHByYWN0aWNhbCBzeXN0ZW0ucGRmABMAAS8AABUAAgAN//8AAIAF0hwdHh9YJGNsYXNzZXNaJGNsYXNzbmFtZaMfICFdTlNNdXRhYmxlRGF0YVZOU0RhdGFYTlNPYmplY3RfEFIuLi9MaXRlcmF0dXJlL1RoZSBQRU5uUEFEIERhdGEgRW50cnkgU3lzdGVtIGZyb20gcHJvdG90eXBlIHRvIHByYWN0aWNhbCBzeXN0ZW0ucGRm0hwdJCWiJSFcTlNEaWN0aW9uYXJ5EgABhqBfEA9OU0tleWVkQXJjaGl2ZXIACAARABYAHwAoADIANQA6ADwARQBLAFIAXQBlAGwAbwBxAHMAdgB4AHoAfACGAJMAmACgAxwDHgMjAywDNwM7A0kDUANZA64DswO2A8MDyAAAAAAAAAIBAAAAAAAAACgAAAAAAAAAAAAAAAAAAAPa}}

@article{Moorman1994A-model-for-str,
	Abstract = {Clinical narratives in patient records are usually recorded in free text, limiting the use of this information for research, quality assessment, and decision support. This study focuses on the capture of clinical narratives in a structured format by supporting physicians with structured data entry (SDE). We analyzed and made explicit which requirements SDE should meet
to be acceptable for the physician on the one hand, and generate unambig- uous patient data on the other. Starting from these requirements, we found that in order to support SDE, the knowledge on which it is based needs to be '1 made explicit: we refer to this knowledge as descriptional knowledge. We articulate the nature of this knowledge, and propose a model in which it can be formally represented. The model allows the construction of specific knowledge bases, each representing the knowledge needed to support SDE within a circumscribed domain. Data entry is made possible through a gen- eral entry program, of which the behavior is determined by a combination of user input and the content of the applicable domain knowledge base. We clarify how descriptional knowledge is represented, modeled, and used for data entry to achieve SDE, which meets the proposed requirements.},
	Author = {Moorman, PW and Van Ginneken, AM and van der Lei, J and van Bemmel, JH},
	Date-Added = {2012-02-07 23:25:20 +0000},
	Date-Modified = {2012-02-08 14:32:59 +0000},
	Journal = {Methods Inform Med},
	Keywords = {data entry},
	Number = {5},
	Pages = {454-63},
	Title = {A model for structured data entry based on explicit descriptional knowledge},
	Volume = {33},
	Year = {1994},
	Bdsk-File-1 = {YnBsaXN0MDDUAQIDBAUIJidUJHRvcFgkb2JqZWN0c1gkdmVyc2lvblkkYXJjaGl2ZXLRBgdUcm9vdIABqAkKFRYXGyIjVSRudWxs0wsMDQ4RFFpOUy5vYmplY3RzV05TLmtleXNWJGNsYXNzog8QgASABqISE4ACgAOAB1lhbGlhc0RhdGFccmVsYXRpdmVQYXRo0hgNGRpXTlMuZGF0YU8RApQAAAAAApQAAgAAA1VubwAAAAAAAAAAAAAAAAAAAAAAAAAAAAAAAMnQ4OlIKwAAAO2LiB9Nb2RlbCBmb3IgU3RydWN0dXJlZCNGN0NGQzYucGRmAAAAAAAAAAAAAAAAAAAAAAAAAAAAAAAAAAAAAAAAAAAA98/Gy1ceiQAAAAAAAAAAAAEAAgAACSAAAAAAAAAAAAAAAAAAAAAKTGl0ZXJhdHVyZQAQAAgAAMnRGSkAAAARAAgAAMtXZNkAAAABABgA7YuIAOi6UgDEMQkAE7MeAA4NAQAODPQAAgBpVW5vOlVzZXJzOgBhcnRodXI6AERyb3Bib3g6ADFfc2hhcmU6AEJJT0lORiAzOTkwIC0gSW5kIFN0dWR5OgBMaXRlcmF0dXJlOgBNb2RlbCBmb3IgU3RydWN0dXJlZCNGN0NGQzYucGRmAAAOAJwATQBNAG8AZABlAGwAIABmAG8AcgAgAFMAdAByAHUAYwB0AHUAcgBlAGQAIABEAGEAdABhACAARQBuAHQAcgB5ACAAQgBhAHMAZQBkACAAbwBuACAARQB4AHAAbABpAGMAaQB0ACAARABlAHMAYwByAGkAcAB0AGkAbwBuAGEAbAAgAEsAbgBvAHcAbABlAGQAZwBlAC4AcABkAGYADwAIAAMAVQBuAG8AEgCNVXNlcnMvYXJ0aHVyL0Ryb3Bib3gvMV9zaGFyZS9CSU9JTkYgMzk5MCAtIEluZCBTdHVkeS9MaXRlcmF0dXJlL01vZGVsIGZvciBTdHJ1Y3R1cmVkIERhdGEgRW50cnkgQmFzZWQgb24gRXhwbGljaXQgRGVzY3JpcHRpb25hbCBLbm93bGVkZ2UucGRmAAATAAEvAAAVAAIADf//AACABdIcHR4fWCRjbGFzc2VzWiRjbGFzc25hbWWjHyAhXU5TTXV0YWJsZURhdGFWTlNEYXRhWE5TT2JqZWN0XxBbLi4vTGl0ZXJhdHVyZS9Nb2RlbCBmb3IgU3RydWN0dXJlZCBEYXRhIEVudHJ5IEJhc2VkIG9uIEV4cGxpY2l0IERlc2NyaXB0aW9uYWwgS25vd2xlZGdlLnBkZtIcHSQloiUhXE5TRGljdGlvbmFyeRIAAYagXxAPTlNLZXllZEFyY2hpdmVyAAgAEQAWAB8AKAAyADUAOgA8AEUASwBSAF0AZQBsAG8AcQBzAHYAeAB6AHwAhgCTAJgAoAM4AzoDPwNIA1MDVwNlA2wDdQPTA9gD2wPoA+0AAAAAAAACAQAAAAAAAAAoAAAAAAAAAAAAAAAAAAAD/w==}}

@article{Rosenbloom2006Interface-Termm,
	Author = {Rosenbloom, ST and Miller, RA and Johnson, KB and Elkin, PL and Brown, SH},
	Date-Added = {2012-02-07 23:19:53 +0000},
	Date-Modified = {2012-02-07 23:22:09 +0000},
	Journal = {J Am Med Inform Assoc},
	Keywords = {data entry},
	Month = {May-Jun},
	Number = {3},
	Pages = {277-288},
	Title = {Interface Termminologies: Facilitating Direct Entry of Clinical Data into Electronic Health Record Systems},
	Volume = {13},
	Year = {2006},
	Bdsk-File-1 = {YnBsaXN0MDDUAQIDBAUIJidUJHRvcFgkb2JqZWN0c1gkdmVyc2lvblkkYXJjaGl2ZXLRBgdUcm9vdIABqAkKFRYXGyIjVSRudWxs0wsMDQ4RFFpOUy5vYmplY3RzV05TLmtleXNWJGNsYXNzog8QgASABqISE4ACgAOAB1lhbGlhc0RhdGFccmVsYXRpdmVQYXRo0hgNGRpXTlMuZGF0YU8RAqgAAAAAAqgAAgAAA1VubwAAAAAAAAAAAAAAAAAAAAAAAAAAAAAAAMnQ4OlIKwAAAO2LiB9GYWNpbGl0YXRpbmcgRGlyZWN0ICNGN0M2NUEucGRmAAAAAAAAAAAAAAAAAAAAAAAAAAAAAAAAAAAAAAAAAAAA98Zay1cbwgAAAAAAAAAAAAEAAgAACSAAAAAAAAAAAAAAAAAAAAAKTGl0ZXJhdHVyZQAQAAgAAMnRGSkAAAARAAgAAMtXYhIAAAABABgA7YuIAOi6UgDEMQkAE7MeAA4NAQAODPQAAgBpVW5vOlVzZXJzOgBhcnRodXI6AERyb3Bib3g6ADFfc2hhcmU6AEJJT0lORiAzOTkwIC0gSW5kIFN0dWR5OgBMaXRlcmF0dXJlOgBGYWNpbGl0YXRpbmcgRGlyZWN0ICNGN0M2NUEucGRmAAAOAKoAVABGAGEAYwBpAGwAaQB0AGEAdABpAG4AZwAgAEQAaQByAGUAYwB0ACAARQBuAHQAcgB5ACAAbwBmACAAQwBsAGkAbgBpAGMAYQBsACAARABhAHQAYQAgAGkAbgB0AG8AIABFAGwAZQBjAHQAcgBvAG4AaQBjACAASABlAGEAbAB0AGgAIABSAGUAYwBvAHIAZAAgAFMAeQBzAHQAZQBtAHMALgBwAGQAZgAPAAgAAwBVAG4AbwASAJRVc2Vycy9hcnRodXIvRHJvcGJveC8xX3NoYXJlL0JJT0lORiAzOTkwIC0gSW5kIFN0dWR5L0xpdGVyYXR1cmUvRmFjaWxpdGF0aW5nIERpcmVjdCBFbnRyeSBvZiBDbGluaWNhbCBEYXRhIGludG8gRWxlY3Ryb25pYyBIZWFsdGggUmVjb3JkIFN5c3RlbXMucGRmABMAAS8AABUAAgAN//8AAIAF0hwdHh9YJGNsYXNzZXNaJGNsYXNzbmFtZaMfICFdTlNNdXRhYmxlRGF0YVZOU0RhdGFYTlNPYmplY3RfEGIuLi9MaXRlcmF0dXJlL0ZhY2lsaXRhdGluZyBEaXJlY3QgRW50cnkgb2YgQ2xpbmljYWwgRGF0YSBpbnRvIEVsZWN0cm9uaWMgSGVhbHRoIFJlY29yZCBTeXN0ZW1zLnBkZtIcHSQloiUhXE5TRGljdGlvbmFyeRIAAYagXxAPTlNLZXllZEFyY2hpdmVyAAgAEQAWAB8AKAAyADUAOgA8AEUASwBSAF0AZQBsAG8AcQBzAHYAeAB6AHwAhgCTAJgAoANMA04DUwNcA2cDawN5A4ADiQPuA/MD9gQDBAgAAAAAAAACAQAAAAAAAAAoAAAAAAAAAAAAAAAAAAAEGg==}}

@article{Mulligen1998Clinical-data-e,
	Author = {van Mulligen, EM and Stam, H and Van Ginneken, AM},
	Date-Added = {2012-02-07 23:15:19 +0000},
	Date-Modified = {2012-02-07 23:16:42 +0000},
	Journal = {Proc Annu Symp Am Med Inform Assoc},
	Keywords = {data entry},
	Pages = {81},
	Title = {Clinical data entry},
	Year = {1998},
	Bdsk-File-1 = {YnBsaXN0MDDUAQIDBAUIJidUJHRvcFgkb2JqZWN0c1gkdmVyc2lvblkkYXJjaGl2ZXLRBgdUcm9vdIABqAkKFRYXGyIjVSRudWxs0wsMDQ4RFFpOUy5vYmplY3RzV05TLmtleXNWJGNsYXNzog8QgASABqISE4ACgAOAB1lhbGlhc0RhdGFccmVsYXRpdmVQYXRo0hgNGRpXTlMuZGF0YU8RAeoAAAAAAeoAAgAAA1VubwAAAAAAAAAAAAAAAAAAAAAAAAAAAAAAAMnQ4OlIKwAAAO2LiBdDbGluaWNhbCBEYXRhIEVudHJ5LnBkZgAAAAAAAAAAAAAAAAAAAAAAAAAAAAAAAAAAAAAAAAAAAAAAAAAAAAAA98Ray1cbHQAAAAAAAAAAAAEAAgAACSAAAAAAAAAAAAAAAAAAAAAKTGl0ZXJhdHVyZQAQAAgAAMnRGSkAAAARAAgAAMtXYW0AAAABABgA7YuIAOi6UgDEMQkAE7MeAA4NAQAODPQAAgBhVW5vOlVzZXJzOgBhcnRodXI6AERyb3Bib3g6ADFfc2hhcmU6AEJJT0lORiAzOTkwIC0gSW5kIFN0dWR5OgBMaXRlcmF0dXJlOgBDbGluaWNhbCBEYXRhIEVudHJ5LnBkZgAADgAwABcAQwBsAGkAbgBpAGMAYQBsACAARABhAHQAYQAgAEUAbgB0AHIAeQAuAHAAZABmAA8ACAADAFUAbgBvABIAV1VzZXJzL2FydGh1ci9Ecm9wYm94LzFfc2hhcmUvQklPSU5GIDM5OTAgLSBJbmQgU3R1ZHkvTGl0ZXJhdHVyZS9DbGluaWNhbCBEYXRhIEVudHJ5LnBkZgAAEwABLwAAFQACAA3//wAAgAXSHB0eH1gkY2xhc3Nlc1okY2xhc3NuYW1lox8gIV1OU011dGFibGVEYXRhVk5TRGF0YVhOU09iamVjdF8QJS4uL0xpdGVyYXR1cmUvQ2xpbmljYWwgRGF0YSBFbnRyeS5wZGbSHB0kJaIlIVxOU0RpY3Rpb25hcnkSAAGGoF8QD05TS2V5ZWRBcmNoaXZlcgAIABEAFgAfACgAMgA1ADoAPABFAEsAUgBdAGUAbABvAHEAcwB2AHgAegB8AIYAkwCYAKACjgKQApUCngKpAq0CuwLCAssC8wL4AvsDCAMNAAAAAAAAAgEAAAAAAAAAKAAAAAAAAAAAAAAAAAAAAx8=}}

@article{Powsner1994Graphical-Summa,
	Author = {Powsner, SM and Tufte, ER},
	Date-Added = {2012-02-07 23:09:50 +0000},
	Date-Modified = {2012-02-07 23:10:44 +0000},
	Journal = {The Lancet},
	Keywords = {design},
	Pages = {386-389},
	Title = {Graphical Summary of Patient Status},
	Volume = {344},
	Year = {1994}}

@article{Tang1991Physicians-work,
	Author = {Tang, PC and Annevelink, J and Fafchamps, D and Stanton, WM and Young, CY},
	Date-Added = {2012-02-07 23:08:26 +0000},
	Date-Modified = {2012-02-07 23:09:46 +0000},
	Journal = {Proc Annu Symp Comput Appl Med Care},
	Keywords = {design},
	Pages = {569-73},
	Title = {Physicians' workstations: integrated information management for clinicians},
	Year = {1991}}

@article{Nowlan1994Clinical-workst,
	Author = {Nowlan, WA},
	Date-Added = {2012-02-07 23:07:20 +0000},
	Date-Modified = {2012-02-07 23:08:21 +0000},
	Journal = {Int J Biomed Comput},
	Keywords = {design},
	Month = {January},
	Number = {1-4},
	Pages = {85-94},
	Title = {Clinical workstations: identifying clinical requirements and understanding clinical information},
	Volume = {34},
	Year = {1994}}

@article{Jaspers2002Cognitive-engin,
	Author = {Jaspers, MW and Steen, T},
	Date-Added = {2012-02-07 23:06:21 +0000},
	Date-Modified = {2012-02-07 23:07:16 +0000},
	Journal = {Stud Health Technol Inform},
	Keywords = {design},
	Pages = {123-7},
	Title = {Cognitive engineering in interface design},
	Volume = {90},
	Year = {2002}}

@article{Wachter2003The-employment-,
	Author = {Wachter, SB and Agutter, J and Syroid, N and Drews, F and Weinger, MB and Westenskow, D},
	Date-Added = {2012-02-07 23:04:43 +0000},
	Date-Modified = {2012-02-07 23:05:52 +0000},
	Journal = {J Am Med Inform Assoc},
	Keywords = {design},
	Month = {Jul-Aug},
	Number = {4},
	Pages = {363-72},
	Title = {The employment of an interative design process to develop a pulmonary graphical display},
	Volume = {10},
	Year = {2003}}

@article{Nygren1998Helping-clinici,
	Author = {Nygren, E and Wyatt, JC and Wright, P},
	Date-Added = {2012-02-07 23:03:17 +0000},
	Date-Modified = {2012-02-07 23:04:42 +0000},
	Journal = {The Lancet},
	Keywords = {design},
	Month = {October},
	Number = {9138},
	Pages = {1462-6},
	Title = {Helping clinicians to find data and avoid delays},
	Volume = {352},
	Year = {1998},
	Bdsk-File-1 = {YnBsaXN0MDDUAQIDBAUIJidUJHRvcFgkb2JqZWN0c1gkdmVyc2lvblkkYXJjaGl2ZXLRBgdUcm9vdIABqAkKFRYXGyIjVSRudWxs0wsMDQ4RFFpOUy5vYmplY3RzV05TLmtleXNWJGNsYXNzog8QgASABqISE4ACgAOAB1lhbGlhc0RhdGFccmVsYXRpdmVQYXRo0hgNGRpXTlMuZGF0YU8RAkgAAAAAAkgAAgAAA1VubwAAAAAAAAAAAAAAAAAAAAAAAAAAAAAAAMnQ4OlIKwAAAO2LiB9IZWxwaW5nIGNsaW5pY2lhbnMgIzE0Q0RCRDkucGRmAAAAAAAAAAAAAAAAAAAAAAAAAAAAAAAAAAAAAAAAAAABTNvZy6NMxAAAAAAAAAAAAAEAAgAACSAAAAAAAAAAAAAAAAAAAAAKTGl0ZXJhdHVyZQAQAAgAAMnRGSkAAAARAAgAAMujhQQAAAABABgA7YuIAOi6UgDEMQkAE7MeAA4NAQAODPQAAgBpVW5vOlVzZXJzOgBhcnRodXI6AERyb3Bib3g6ADFfc2hhcmU6AEJJT0lORiAzOTkwIC0gSW5kIFN0dWR5OgBMaXRlcmF0dXJlOgBIZWxwaW5nIGNsaW5pY2lhbnMgIzE0Q0RCRDkucGRmAAAOAGoANABIAGUAbABwAGkAbgBnACAAYwBsAGkAbgBpAGMAaQBhAG4AcwAgAHQAbwAgAGYAaQBuAGQAIABkAGEAdABhACAAYQBuAGQAIABhAHYAbwBpAGQAIABkAGUAbABhAHkAcwAuAHAAZABmAA8ACAADAFUAbgBvABIAdFVzZXJzL2FydGh1ci9Ecm9wYm94LzFfc2hhcmUvQklPSU5GIDM5OTAgLSBJbmQgU3R1ZHkvTGl0ZXJhdHVyZS9IZWxwaW5nIGNsaW5pY2lhbnMgdG8gZmluZCBkYXRhIGFuZCBhdm9pZCBkZWxheXMucGRmABMAAS8AABUAAgAN//8AAIAF0hwdHh9YJGNsYXNzZXNaJGNsYXNzbmFtZaMfICFdTlNNdXRhYmxlRGF0YVZOU0RhdGFYTlNPYmplY3RfEEIuLi9MaXRlcmF0dXJlL0hlbHBpbmcgY2xpbmljaWFucyB0byBmaW5kIGRhdGEgYW5kIGF2b2lkIGRlbGF5cy5wZGbSHB0kJaIlIVxOU0RpY3Rpb25hcnkSAAGGoF8QD05TS2V5ZWRBcmNoaXZlcgAIABEAFgAfACgAMgA1ADoAPABFAEsAUgBdAGUAbABvAHEAcwB2AHgAegB8AIYAkwCYAKAC7ALuAvMC/AMHAwsDGQMgAykDbgNzA3YDgwOIAAAAAAAAAgEAAAAAAAAAKAAAAAAAAAAAAAAAAAAAA5o=}}

@article{Vikram2009Decision-suppor,
	Author = {Vikram, K and Karjodkar, FR},
	Date-Added = {2012-02-07 22:57:43 +0000},
	Date-Modified = {2012-02-07 22:59:01 +0000},
	Journal = {J Evid Based Dent Pract},
	Keywords = {decision-support dentistry},
	Month = {June},
	Number = {2},
	Pages = {73-6},
	Title = {Decision support systems in dential decision making: an introduction.},
	Volume = {9},
	Year = {2009}}

@article{Mendonca2004Clinical-decisi,
	Author = {Mendonca, EA},
	Date-Added = {2012-02-07 22:56:52 +0000},
	Date-Modified = {2012-02-07 23:02:14 +0000},
	Journal = {J Dent Educ},
	Keywords = {decision-support dentistry},
	Month = {June},
	Number = {6},
	Pages = {589-97},
	Title = {Clinical decision support systems: perspectives in dentistry},
	Volume = {68},
	Year = {2004},
	Bdsk-File-1 = {YnBsaXN0MDDUAQIDBAUIJidUJHRvcFgkb2JqZWN0c1gkdmVyc2lvblkkYXJjaGl2ZXLRBgdUcm9vdIABqAkKFRYXGyIjVSRudWxs0wsMDQ4RFFpOUy5vYmplY3RzV05TLmtleXNWJGNsYXNzog8QgASABqISE4ACgAOAB1lhbGlhc0RhdGFccmVsYXRpdmVQYXRo0hgNGRpXTlMuZGF0YU8RAmoAAAAAAmoAAgAAA1VubwAAAAAAAAAAAAAAAAAAAAAAAAAAAAAAAMnQ4OlIKwAAAO2LiB9DbGluaWNhbCBkZWNpc2lvbiBzdSNGN0JCREUucGRmAAAAAAAAAAAAAAAAAAAAAAAAAAAAAAAAAAAAAAAAAAAA97vey1cXjwAAAAAAAAAAAAEAAgAACSAAAAAAAAAAAAAAAAAAAAAKTGl0ZXJhdHVyZQAQAAgAAMnRGSkAAAARAAgAAMtXXd8AAAABABgA7YuIAOi6UgDEMQkAE7MeAA4NAQAODPQAAgBpVW5vOlVzZXJzOgBhcnRodXI6AERyb3Bib3g6ADFfc2hhcmU6AEJJT0lORiAzOTkwIC0gSW5kIFN0dWR5OgBMaXRlcmF0dXJlOgBDbGluaWNhbCBkZWNpc2lvbiBzdSNGN0JCREUucGRmAAAOAIAAPwBDAGwAaQBuAGkAYwBhAGwAIABkAGUAYwBpAHMAaQBvAG4AIABzAHUAcABwAG8AcgB0ACAAcwB5AHMAdABlAG0AcwAgAHAAZQByAHMAcABlAGMAdABpAHYAZQBzACAAaQBuACAAZABlAG4AdABpAHMAdAByAHkALgBwAGQAZgAPAAgAAwBVAG4AbwASAH9Vc2Vycy9hcnRodXIvRHJvcGJveC8xX3NoYXJlL0JJT0lORiAzOTkwIC0gSW5kIFN0dWR5L0xpdGVyYXR1cmUvQ2xpbmljYWwgZGVjaXNpb24gc3VwcG9ydCBzeXN0ZW1zIHBlcnNwZWN0aXZlcyBpbiBkZW50aXN0cnkucGRmAAATAAEvAAAVAAIADf//AACABdIcHR4fWCRjbGFzc2VzWiRjbGFzc25hbWWjHyAhXU5TTXV0YWJsZURhdGFWTlNEYXRhWE5TT2JqZWN0XxBNLi4vTGl0ZXJhdHVyZS9DbGluaWNhbCBkZWNpc2lvbiBzdXBwb3J0IHN5c3RlbXMgcGVyc3BlY3RpdmVzIGluIGRlbnRpc3RyeS5wZGbSHB0kJaIlIVxOU0RpY3Rpb25hcnkSAAGGoF8QD05TS2V5ZWRBcmNoaXZlcgAIABEAFgAfACgAMgA1ADoAPABFAEsAUgBdAGUAbABvAHEAcwB2AHgAegB8AIYAkwCYAKADDgMQAxUDHgMpAy0DOwNCA0sDmwOgA6MDsAO1AAAAAAAAAgEAAAAAAAAAKAAAAAAAAAAAAAAAAAAAA8c=}}

@article{White1999Decision-suppor,
	Author = {White, SC},
	Date-Added = {2012-02-07 22:56:05 +0000},
	Date-Modified = {2012-02-07 22:56:47 +0000},
	Journal = {Dentomaxillofac radiol},
	Keywords = {decision-support dentistry},
	Number = {1},
	Pages = {59-60},
	Title = {Decision support systems in dentistry},
	Volume = {28},
	Year = {1999}}

@article{Shachak2009Primary-care-ph,
	Author = {Shachak, A and Hadas-Dayagi, M and Ziv, A and Reis, S},
	Date-Added = {2012-02-07 22:54:42 +0000},
	Date-Modified = {2012-02-07 22:55:38 +0000},
	Journal = {J Gen Intern Med},
	Keywords = {cognitive task analysis},
	Month = {March},
	Number = {3},
	Pages = {341-8},
	Title = {Primary care physicians' use of an electronic medical record system: a cognitive task analysis},
	Volume = {24},
	Year = {2009}}

@article{Baxter2005Using-cognitive,
	Author = {Baxter, GD and Monk, AF and Tan, K and Dear, PR and Newell SJ},
	Date-Added = {2012-02-07 22:53:28 +0000},
	Date-Modified = {2012-02-07 22:54:35 +0000},
	Journal = {Artif Intell Med},
	Keywords = {cognitive task analysis},
	Month = {November},
	Number = {3},
	Pages = {243-57},
	Title = {Using cognitive task analysis to facilitate the integration of decision support systems into the neontal intensive care unit},
	Volume = {35},
	Year = {2005}}

@article{Crowley2003Development-of-,
	Author = {Crowley, RS and Naus, GJ and Stewart, J and Friedman, CP},
	Date-Added = {2012-02-07 22:52:12 +0000},
	Date-Modified = {2012-02-07 22:53:23 +0000},
	Journal = {J Am Med Inform Assoc},
	Keywords = {cognitive task analysis},
	Month = {Jan-Feb},
	Number = {1},
	Pages = {39-51},
	Title = {Development of visual diagnostic expertise in pathology -- an information-processing study},
	Volume = {10},
	Year = {2003}}

@article{Nygren1992Reading-the-med,
	Author = {Nygren, E and Henriksson, P},
	Date-Added = {2012-02-07 22:50:33 +0000},
	Date-Modified = {2012-02-07 22:52:05 +0000},
	Journal = {Comput Methods Programs Biomed},
	Keywords = {cognitive task analysis},
	Month = {September-October},
	Number = {1-2},
	Pages = {1-12},
	Title = {Reading the medical record. Analysis of physicians' ways of reading the medical record.},
	Volume = {39},
	Year = {1992}}

@article{Jaspers2004The-think-aloud,
	Author = {Jaspers, MW and Steen, T and van den Bos, C and Geenen, M},
	Date-Added = {2012-02-07 22:48:56 +0000},
	Date-Modified = {2012-02-07 22:50:06 +0000},
	Journal = {Int J Med Inform},
	Keywords = {cognitive task analysis},
	Month = {November},
	Number = {11-12},
	Pages = {781-95},
	Title = {The think aloud method: a guide to user interface design},
	Volume = {73},
	Year = {2004}}

@article{Lanning2005Variation-in-pe,
	Author = {Lanning, SK and Pelok, SD and Williams, BC and Richards, PS and Sarment, DP and Oh, TJ},
	Date-Added = {2012-02-07 22:42:15 +0000},
	Date-Modified = {2012-02-07 22:48:20 +0000},
	Journal = {J Dent Educ},
	Keywords = {decision making},
	Month = {March},
	Number = {3},
	Pages = {325-37},
	Title = {Variation in periodontal diagnosis and treatment planning among clinical instructors},
	Volume = {69},
	Year = {2005}}

@article{Kawahata2005A-measure-of-ag,
	Author = {Kawahata, N and MacEntee, MI},
	Date-Added = {2012-02-07 22:41:11 +0000},
	Date-Modified = {2012-02-07 22:48:20 +0000},
	Journal = {J Dent Educ},
	Keywords = {decision making},
	Month = {September},
	Number = {9},
	Pages = {1031-7},
	Title = {A measure of agreement between clinicians and a computer-based decision support system for planning dental treatment},
	Volume = {66},
	Year = {2002}}

@article{Anusavice2001Clinical-decisi,
	Author = {Anusavice, K},
	Date-Added = {2012-02-07 22:40:03 +0000},
	Date-Modified = {2012-02-07 22:48:20 +0000},
	Journal = {J Dent Educ},
	Keywords = {decision making},
	Month = {October},
	Number = {10},
	Pages = {1143-6},
	Title = {Clinical decision-making for coronal caries managment in the permanent dentition},
	Volume = {65},
	Year = {2001}}

@article{Schleyer1999Clinical-decisi,
	Author = {Schleyer, TK},
	Date-Added = {2012-02-07 22:39:23 +0000},
	Date-Modified = {2012-02-07 22:48:20 +0000},
	Journal = {J Am Coll Dent},
	Keywords = {decision making},
	Number = {2},
	Pages = {29-39},
	Title = {Clinical decision-making and the Internet},
	Volume = {66},
	Year = {1999}}

@article{Kay1992Restorative-tre,
	Author = {Kay, EJ and Nuttall, NM and Knill-Jones, R},
	Date-Added = {2012-02-07 22:36:33 +0000},
	Date-Modified = {2012-02-07 22:48:20 +0000},
	Journal = {Community Dent Oral Epidemiol},
	Keywords = {decision making},
	Number = {5},
	Pages = {265-8},
	Title = {Restorative treatment thresholds and agreement in treatment decision-making},
	Volume = {20},
	Year = {1992}}

@article{Maupome2010Diagnostic-thin,
	Author = {Maupom{\'e}, G and Schrader, S and Mannan, S and Garetto, L and Eggertsson, H},
	Date-Added = {2012-02-07 22:34:28 +0000},
	Date-Modified = {2012-02-07 22:48:20 +0000},
	Journal = {BMC Oral Health},
	Keywords = {decision making},
	Pages = {11},
	Title = {Diagnostic thinking and information used in clinical decision-making: a qualitative study of expert and student dental clinicians.},
	Volume = {10},
	Year = {2010},
	Bdsk-File-1 = {YnBsaXN0MDDUAQIDBAUIJidUJHRvcFgkb2JqZWN0c1gkdmVyc2lvblkkYXJjaGl2ZXLRBgdUcm9vdIABqAkKFRYXGyIjVSRudWxs0wsMDQ4RFFpOUy5vYmplY3RzV05TLmtleXNWJGNsYXNzog8QgASABqISE4ACgAOAB1lhbGlhc0RhdGFccmVsYXRpdmVQYXRo0hgNGRpXTlMuZGF0YU8RAoQAAAAAAoQAAgAAA1VubwAAAAAAAAAAAAAAAAAAAAAAAAAAAAAAAMnQ4OlIKwAAAO2LiB9EaWFnbm9zdGljIHRoaW5raW5nICNGN0JBQjAucGRmAAAAAAAAAAAAAAAAAAAAAAAAAAAAAAAAAAAAAAAAAAAA97qwy1cXLgAAAAAAAAAAAAEAAgAACSAAAAAAAAAAAAAAAAAAAAAKTGl0ZXJhdHVyZQAQAAgAAMnRGSkAAAARAAgAAMtXXX4AAAABABgA7YuIAOi6UgDEMQkAE7MeAA4NAQAODPQAAgBpVW5vOlVzZXJzOgBhcnRodXI6AERyb3Bib3g6ADFfc2hhcmU6AEJJT0lORiAzOTkwIC0gSW5kIFN0dWR5OgBMaXRlcmF0dXJlOgBEaWFnbm9zdGljIHRoaW5raW5nICNGN0JBQjAucGRmAAAOAJIASABEAGkAYQBnAG4AbwBzAHQAaQBjACAAdABoAGkAbgBrAGkAbgBnACAAYQBuAGQAIABpAG4AZgBvAHIAbQBhAHQAaQBvAG4AIAB1AHMAZQBkACAAaQBuACAAYwBsAGkAbgBpAGMAYQBsACAAZABlAGMAaQBzAGkAbwBuAC0AbQBhAGsAaQBuAGcALgBwAGQAZgAPAAgAAwBVAG4AbwASAIhVc2Vycy9hcnRodXIvRHJvcGJveC8xX3NoYXJlL0JJT0lORiAzOTkwIC0gSW5kIFN0dWR5L0xpdGVyYXR1cmUvRGlhZ25vc3RpYyB0aGlua2luZyBhbmQgaW5mb3JtYXRpb24gdXNlZCBpbiBjbGluaWNhbCBkZWNpc2lvbi1tYWtpbmcucGRmABMAAS8AABUAAgAN//8AAIAF0hwdHh9YJGNsYXNzZXNaJGNsYXNzbmFtZaMfICFdTlNNdXRhYmxlRGF0YVZOU0RhdGFYTlNPYmplY3RfEFYuLi9MaXRlcmF0dXJlL0RpYWdub3N0aWMgdGhpbmtpbmcgYW5kIGluZm9ybWF0aW9uIHVzZWQgaW4gY2xpbmljYWwgZGVjaXNpb24tbWFraW5nLnBkZtIcHSQloiUhXE5TRGljdGlvbmFyeRIAAYagXxAPTlNLZXllZEFyY2hpdmVyAAgAEQAWAB8AKAAyADUAOgA8AEUASwBSAF0AZQBsAG8AcQBzAHYAeAB6AHwAhgCTAJgAoAMoAyoDLwM4A0MDRwNVA1wDZQO+A8MDxgPTA9gAAAAAAAACAQAAAAAAAAAoAAAAAAAAAAAAAAAAAAAD6g==}}

@article{Crespo2004Reasoning-proce,
	Author = {Crespo, KE and Torres, JE and Recio, ME},
	Date-Added = {2012-02-07 22:30:37 +0000},
	Date-Modified = {2012-02-07 22:48:20 +0000},
	Journal = {J Dent Educ},
	Keywords = {decision making},
	Month = {December},
	Number = {12},
	Pages = {1235-44},
	Title = {Reasoning process characteristics in the diagnostic skills of beginner, competent and expert dentists},
	Volume = {68},
	Year = {2004},
	Bdsk-File-1 = {YnBsaXN0MDDUAQIDBAUIJidUJHRvcFgkb2JqZWN0c1gkdmVyc2lvblkkYXJjaGl2ZXLRBgdUcm9vdIABqAkKFRYXGyIjVSRudWxs0wsMDQ4RFFpOUy5vYmplY3RzV05TLmtleXNWJGNsYXNzog8QgASABqISE4ACgAOAB1lhbGlhc0RhdGFccmVsYXRpdmVQYXRo0hgNGRpXTlMuZGF0YU8RAuoAAAAAAuoAAgAAA1VubwAAAAAAAAAAAAAAAAAAAAAAAAAAAAAAAMnQ4OlIKwAAAO2LiB9SZWFzb25pbmcgUHJvY2VzcyBDaCNFRDlGRUUucGRmAAAAAAAAAAAAAAAAAAAAAAAAAAAAAAAAAAAAAAAAAAAA7Z/uy08JNgAAAAAAAAAAAAEAAgAACSAAAAAAAAAAAAAAAAAAAAAKTGl0ZXJhdHVyZQAQAAgAAMnRGSkAAAARAAgAAMtPT4YAAAABABgA7YuIAOi6UgDEMQkAE7MeAA4NAQAODPQAAgBpVW5vOlVzZXJzOgBhcnRodXI6AERyb3Bib3g6ADFfc2hhcmU6AEJJT0lORiAzOTkwIC0gSW5kIFN0dWR5OgBMaXRlcmF0dXJlOgBSZWFzb25pbmcgUHJvY2VzcyBDaCNFRDlGRUUucGRmAAAOANYAagBSAGUAYQBzAG8AbgBpAG4AZwAgAFAAcgBvAGMAZQBzAHMAIABDAGgAYQByAGEAYwB0AGUAcgBpAHMAdABpAGMAcwAgAGkAbgAgAHQAaABlACAARABpAGEAZwBuAG8AcwB0AGkAYwAgAFMAawBpAGwAbABzACAAbwBmACAAQgBlAGcAaQBuAG4AZQByACwAIABDAG8AbQBwAGUAdABlAG4AdAAsACAAYQBuAGQAIABFAHgAcABlAHIAdAAgAEQAZQBuAHQAaQBzAHQAcwAuAHAAZABmAA8ACAADAFUAbgBvABIAqlVzZXJzL2FydGh1ci9Ecm9wYm94LzFfc2hhcmUvQklPSU5GIDM5OTAgLSBJbmQgU3R1ZHkvTGl0ZXJhdHVyZS9SZWFzb25pbmcgUHJvY2VzcyBDaGFyYWN0ZXJpc3RpY3MgaW4gdGhlIERpYWdub3N0aWMgU2tpbGxzIG9mIEJlZ2lubmVyLCBDb21wZXRlbnQsIGFuZCBFeHBlcnQgRGVudGlzdHMucGRmABMAAS8AABUAAgAN//8AAIAF0hwdHh9YJGNsYXNzZXNaJGNsYXNzbmFtZaMfICFdTlNNdXRhYmxlRGF0YVZOU0RhdGFYTlNPYmplY3RfEHguLi9MaXRlcmF0dXJlL1JlYXNvbmluZyBQcm9jZXNzIENoYXJhY3RlcmlzdGljcyBpbiB0aGUgRGlhZ25vc3RpYyBTa2lsbHMgb2YgQmVnaW5uZXIsIENvbXBldGVudCwgYW5kIEV4cGVydCBEZW50aXN0cy5wZGbSHB0kJaIlIVxOU0RpY3Rpb25hcnkSAAGGoF8QD05TS2V5ZWRBcmNoaXZlcgAIABEAFgAfACgAMgA1ADoAPABFAEsAUgBdAGUAbABvAHEAcwB2AHgAegB8AIYAkwCYAKADjgOQA5UDngOpA60DuwPCA8sERgRLBE4EWwRgAAAAAAAAAgEAAAAAAAAAKAAAAAAAAAAAAAAAAAAABHI=}}

@article{Ledley1959Reasoning-found,
	Author = {Ledley, RS and Lusted, LB},
	Date-Added = {2012-02-07 22:28:44 +0000},
	Date-Modified = {2012-02-07 22:48:20 +0000},
	Journal = {Science},
	Keywords = {decision making},
	Month = {July},
	Number = {3366},
	Pages = {9-21},
	Title = {Reasoning foundations of medical diagnosis; symbolic logic, probability and value theory aid our understanding of how physicians reason},
	Volume = {130},
	Year = {1959},
	Bdsk-File-1 = {YnBsaXN0MDDUAQIDBAUIJidUJHRvcFgkb2JqZWN0c1gkdmVyc2lvblkkYXJjaGl2ZXLRBgdUcm9vdIABqAkKFRYXGyIjVSRudWxs0wsMDQ4RFFpOUy5vYmplY3RzV05TLmtleXNWJGNsYXNzog8QgASABqISE4ACgAOAB1lhbGlhc0RhdGFccmVsYXRpdmVQYXRo0hgNGRpXTlMuZGF0YU8RAjYAAAAAAjYAAgAAA1VubwAAAAAAAAAAAAAAAAAAAAAAAAAAAAAAAMnQ4OlIKwAAAO2LiB9SZWFzb25pbmcgZm91bmRhdGlvbiNFRDk1QTEucGRmAAAAAAAAAAAAAAAAAAAAAAAAAAAAAAAAAAAAAAAAAAAA7ZWhy08IpgAAAAAAAAAAAAEAAgAACSAAAAAAAAAAAAAAAAAAAAAKTGl0ZXJhdHVyZQAQAAgAAMnRGSkAAAARAAgAAMtPTvYAAAABABgA7YuIAOi6UgDEMQkAE7MeAA4NAQAODPQAAgBpVW5vOlVzZXJzOgBhcnRodXI6AERyb3Bib3g6ADFfc2hhcmU6AEJJT0lORiAzOTkwIC0gSW5kIFN0dWR5OgBMaXRlcmF0dXJlOgBSZWFzb25pbmcgZm91bmRhdGlvbiNFRDk1QTEucGRmAAAOAF4ALgBSAGUAYQBzAG8AbgBpAG4AZwAgAGYAbwB1AG4AZABhAHQAaQBvAG4AcwAgAG8AZgAgAG0AZQBkAGkAYwBhAGwAIABkAGkAYQBnAG4AbwBzAGkAcwAuAHAAZABmAA8ACAADAFUAbgBvABIAblVzZXJzL2FydGh1ci9Ecm9wYm94LzFfc2hhcmUvQklPSU5GIDM5OTAgLSBJbmQgU3R1ZHkvTGl0ZXJhdHVyZS9SZWFzb25pbmcgZm91bmRhdGlvbnMgb2YgbWVkaWNhbCBkaWFnbm9zaXMucGRmABMAAS8AABUAAgAN//8AAIAF0hwdHh9YJGNsYXNzZXNaJGNsYXNzbmFtZaMfICFdTlNNdXRhYmxlRGF0YVZOU0RhdGFYTlNPYmplY3RfEDwuLi9MaXRlcmF0dXJlL1JlYXNvbmluZyBmb3VuZGF0aW9ucyBvZiBtZWRpY2FsIGRpYWdub3Npcy5wZGbSHB0kJaIlIVxOU0RpY3Rpb25hcnkSAAGGoF8QD05TS2V5ZWRBcmNoaXZlcgAIABEAFgAfACgAMgA1ADoAPABFAEsAUgBdAGUAbABvAHEAcwB2AHgAegB8AIYAkwCYAKAC2gLcAuEC6gL1AvkDBwMOAxcDVgNbA14DawNwAAAAAAAAAgEAAAAAAAAAKAAAAAAAAAAAAAAAAAAAA4I=}}

@article{Gordan2010Restorative-Tre,
	Author = {Gordan, VV and Bader, JD and Garvan, CW and Richman, JS and Qvist, V and Fellows, JL and Rindal, DB and Gilbert, GH},
	Date-Added = {2012-02-07 22:25:07 +0000},
	Date-Modified = {2012-02-07 22:48:03 +0000},
	Journal = {J Am Dent Assoc},
	Keywords = {decision making},
	Month = {May},
	Number = {2},
	Pages = {171-84},
	Title = {Restorative treatment thresholds for occlusal primary caries among dentists in the dental Practice-Based Research Network},
	Volume = {141},
	Year = {2010},
	Bdsk-File-1 = {YnBsaXN0MDDUAQIDBAUIJidUJHRvcFgkb2JqZWN0c1gkdmVyc2lvblkkYXJjaGl2ZXLRBgdUcm9vdIABqAkKFRYXGyIjVSRudWxs0wsMDQ4RFFpOUy5vYmplY3RzV05TLmtleXNWJGNsYXNzog8QgASABqISE4ACgAOAB1lhbGlhc0RhdGFccmVsYXRpdmVQYXRo0hgNGRpXTlMuZGF0YU8RAmQAAAAAAmQAAgAAA1VubwAAAAAAAAAAAAAAAAAAAAAAAAAAAAAAAMnQ4OlIKwAAAO2LiB9SZXN0b3JhdGl2ZSBUcmVhdG1lbiNFRDkxRTcucGRmAAAAAAAAAAAAAAAAAAAAAAAAAAAAAAAAAAAAAAAAAAAA7ZHny08H3gAAAAAAAAAAAAEAAgAACSAAAAAAAAAAAAAAAAAAAAAKTGl0ZXJhdHVyZQAQAAgAAMnRGSkAAAARAAgAAMtPTi4AAAABABgA7YuIAOi6UgDEMQkAE7MeAA4NAQAODPQAAgBpVW5vOlVzZXJzOgBhcnRodXI6AERyb3Bib3g6ADFfc2hhcmU6AEJJT0lORiAzOTkwIC0gSW5kIFN0dWR5OgBMaXRlcmF0dXJlOgBSZXN0b3JhdGl2ZSBUcmVhdG1lbiNFRDkxRTcucGRmAAAOAHwAPQBSAGUAcwB0AG8AcgBhAHQAaQB2AGUAIABUAHIAZQBhAHQAbQBlAG4AdAAgAFQAaAByAGUAcwBoAG8AbABkAHMAIABmAG8AcgAgAE8AYwBjAGwAdQBzAGEAbAAgAFAAcgBpAG0AIABDAGEAcgBpAGUAcwAuAHAAZABmAA8ACAADAFUAbgBvABIAfVVzZXJzL2FydGh1ci9Ecm9wYm94LzFfc2hhcmUvQklPSU5GIDM5OTAgLSBJbmQgU3R1ZHkvTGl0ZXJhdHVyZS9SZXN0b3JhdGl2ZSBUcmVhdG1lbnQgVGhyZXNob2xkcyBmb3IgT2NjbHVzYWwgUHJpbSBDYXJpZXMucGRmAAATAAEvAAAVAAIADf//AACABdIcHR4fWCRjbGFzc2VzWiRjbGFzc25hbWWjHyAhXU5TTXV0YWJsZURhdGFWTlNEYXRhWE5TT2JqZWN0XxBLLi4vTGl0ZXJhdHVyZS9SZXN0b3JhdGl2ZSBUcmVhdG1lbnQgVGhyZXNob2xkcyBmb3IgT2NjbHVzYWwgUHJpbSBDYXJpZXMucGRm0hwdJCWiJSFcTlNEaWN0aW9uYXJ5EgABhqBfEA9OU0tleWVkQXJjaGl2ZXIACAARABYAHwAoADIANQA6ADwARQBLAFIAXQBlAGwAbwBxAHMAdgB4AHoAfACGAJMAmACgAwgDCgMPAxgDIwMnAzUDPANFA5MDmAObA6gDrQAAAAAAAAIBAAAAAAAAACgAAAAAAAAAAAAAAAAAAAO/}}

@article{Zadik2008Clinical-decisi,
	Author = {Zadik, Y and Levin, L},
	Date-Added = {2012-02-07 22:24:16 +0000},
	Date-Modified = {2012-02-07 22:48:20 +0000},
	Journal = {J Dent Educ},
	Keywords = {decision making},
	Month = {January},
	Number = {1},
	Pages = {81-6},
	Title = {Clinical decision making in restorative dentistry, endodontics, and antibiotic prescription},
	Volume = {72},
	Year = {2008},
	Bdsk-File-1 = {YnBsaXN0MDDUAQIDBAUIJidUJHRvcFgkb2JqZWN0c1gkdmVyc2lvblkkYXJjaGl2ZXLRBgdUcm9vdIABqAkKFRYXGyIjVSRudWxs0wsMDQ4RFFpOUy5vYmplY3RzV05TLmtleXNWJGNsYXNzog8QgASABqISE4ACgAOAB1lhbGlhc0RhdGFccmVsYXRpdmVQYXRo0hgNGRpXTlMuZGF0YU8RAsoAAAAAAsoAAgAAA1VubwAAAAAAAAAAAAAAAAAAAAAAAAAAAAAAAMnQ4OlIKwAAAO2LiB9DbGluaWNhbCBEZWNpc2lvbiBNYSNFRDhGMzEucGRmAAAAAAAAAAAAAAAAAAAAAAAAAAAAAAAAAAAAAAAAAAAA7Y8xy08HhgAAAAAAAAAAAAEAAgAACSAAAAAAAAAAAAAAAAAAAAAKTGl0ZXJhdHVyZQAQAAgAAMnRGSkAAAARAAgAAMtPTdYAAAABABgA7YuIAOi6UgDEMQkAE7MeAA4NAQAODPQAAgBpVW5vOlVzZXJzOgBhcnRodXI6AERyb3Bib3g6ADFfc2hhcmU6AEJJT0lORiAzOTkwIC0gSW5kIFN0dWR5OgBMaXRlcmF0dXJlOgBDbGluaWNhbCBEZWNpc2lvbiBNYSNFRDhGMzEucGRmAAAOAMAAXwBDAGwAaQBuAGkAYwBhAGwAIABEAGUAYwBpAHMAaQBvAG4AIABNAGEAawBpAG4AZwAgAGkAbgAgAFIAZQBzAHQAbwByAGEAdABpAHYAZQAgAEQAZQBuAHQAaQBzAHQAcgB5ACwAIABFAG4AZABvAGQAbwBuAHQAaQBjAHMALAAgAGEAbgBkACAAQQBuAHQAaQBiAGkAbwB0AGkAYwAgAFAAcgBlAHMAYwByAGkAcAB0AGkAbwBuAC4AcABkAGYADwAIAAMAVQBuAG8AEgCfVXNlcnMvYXJ0aHVyL0Ryb3Bib3gvMV9zaGFyZS9CSU9JTkYgMzk5MCAtIEluZCBTdHVkeS9MaXRlcmF0dXJlL0NsaW5pY2FsIERlY2lzaW9uIE1ha2luZyBpbiBSZXN0b3JhdGl2ZSBEZW50aXN0cnksIEVuZG9kb250aWNzLCBhbmQgQW50aWJpb3RpYyBQcmVzY3JpcHRpb24ucGRmAAATAAEvAAAVAAIADf//AACABdIcHR4fWCRjbGFzc2VzWiRjbGFzc25hbWWjHyAhXU5TTXV0YWJsZURhdGFWTlNEYXRhWE5TT2JqZWN0XxBtLi4vTGl0ZXJhdHVyZS9DbGluaWNhbCBEZWNpc2lvbiBNYWtpbmcgaW4gUmVzdG9yYXRpdmUgRGVudGlzdHJ5LCBFbmRvZG9udGljcywgYW5kIEFudGliaW90aWMgUHJlc2NyaXB0aW9uLnBkZtIcHSQloiUhXE5TRGljdGlvbmFyeRIAAYagXxAPTlNLZXllZEFyY2hpdmVyAAgAEQAWAB8AKAAyADUAOgA8AEUASwBSAF0AZQBsAG8AcQBzAHYAeAB6AHwAhgCTAJgAoANuA3ADdQN+A4kDjQObA6IDqwQbBCAEIwQwBDUAAAAAAAACAQAAAAAAAAAoAAAAAAAAAAAAAAAAAAAERw==}}

@article{Bader1997What-do-we-know,
	Author = {Bader, JD and Shugars, DA},
	Date-Added = {2012-02-07 22:21:14 +0000},
	Date-Modified = {2012-02-07 22:48:20 +0000},
	Journal = {Community Dent Oral Epidemiol},
	Keywords = {decision making},
	Number = {1},
	Pages = {97-103},
	Title = {What do we know about how dentists make caries-related treatment decisions?},
	Volume = {25},
	Year = {1997}}

@article{Maupome2000Clinical-decisi,
	Author = {Maupom{\'e}, G and Sheiham, A},
	Date-Added = {2012-02-07 21:27:47 +0000},
	Date-Modified = {2012-02-07 22:23:47 +0000},
	Journal = {Eur J Dent Educ},
	Keywords = {decision making},
	Month = {Nov},
	Number = {4},
	Pages = {143-52},
	Title = {Clinical decision-making in restorative dentistry. Content-analysis of diagnostic thinking processes and concurrent concepts used in an educational environment},
	Volume = {4},
	Year = {2000},
	Bdsk-File-1 = {YnBsaXN0MDDUAQIDBAUIJidUJHRvcFgkb2JqZWN0c1gkdmVyc2lvblkkYXJjaGl2ZXLRBgdUcm9vdIABqAkKFRYXGyIjVSRudWxs0wsMDQ4RFFpOUy5vYmplY3RzV05TLmtleXNWJGNsYXNzog8QgASABqISE4ACgAOAB1lhbGlhc0RhdGFccmVsYXRpdmVQYXRo0hgNGRpXTlMuZGF0YU8RAkgAAAAAAkgAAgAAA1VubwAAAAAAAAAAAAAAAAAAAAAAAAAAAAAAAMnQ4OlIKwAAAO2LiB9DbGluaWNhbCBkZWNpc2lvbi1tYSNFRDk5NEEucGRmAAAAAAAAAAAAAAAAAAAAAAAAAAAAAAAAAAAAAAAAAAAA7ZlKy08I5gAAAAAAAAAAAAEAAgAACSAAAAAAAAAAAAAAAAAAAAAKTGl0ZXJhdHVyZQAQAAgAAMnRGSkAAAARAAgAAMtPTzYAAAABABgA7YuIAOi6UgDEMQkAE7MeAA4NAQAODPQAAgBpVW5vOlVzZXJzOgBhcnRodXI6AERyb3Bib3g6ADFfc2hhcmU6AEJJT0lORiAzOTkwIC0gSW5kIFN0dWR5OgBMaXRlcmF0dXJlOgBDbGluaWNhbCBkZWNpc2lvbi1tYSNFRDk5NEEucGRmAAAOAGoANABDAGwAaQBuAGkAYwBhAGwAIABkAGUAYwBpAHMAaQBvAG4ALQBtAGEAawBpAG4AZwAgAGkAbgAgAHIAZQBzAHQAbwByAGEAdABpAHYAZQAgAGQAZQBuAHQAaQBzAHQAcgAuAHAAZABmAA8ACAADAFUAbgBvABIAdFVzZXJzL2FydGh1ci9Ecm9wYm94LzFfc2hhcmUvQklPSU5GIDM5OTAgLSBJbmQgU3R1ZHkvTGl0ZXJhdHVyZS9DbGluaWNhbCBkZWNpc2lvbi1tYWtpbmcgaW4gcmVzdG9yYXRpdmUgZGVudGlzdHIucGRmABMAAS8AABUAAgAN//8AAIAF0hwdHh9YJGNsYXNzZXNaJGNsYXNzbmFtZaMfICFdTlNNdXRhYmxlRGF0YVZOU0RhdGFYTlNPYmplY3RfEEIuLi9MaXRlcmF0dXJlL0NsaW5pY2FsIGRlY2lzaW9uLW1ha2luZyBpbiByZXN0b3JhdGl2ZSBkZW50aXN0ci5wZGbSHB0kJaIlIVxOU0RpY3Rpb25hcnkSAAGGoF8QD05TS2V5ZWRBcmNoaXZlcgAIABEAFgAfACgAMgA1ADoAPABFAEsAUgBdAGUAbABvAHEAcwB2AHgAegB8AIYAkwCYAKAC7ALuAvMC/AMHAwsDGQMgAykDbgNzA3YDgwOIAAAAAAAAAgEAAAAAAAAAKAAAAAAAAAAAAAAAAAAAA5o=}}

@article{Conley2011Effective-Surgi,
	Author = {Conley, DM and Singer, SJ and Edmondson, L and Berry, WR and Gawande, AA},
	Date-Added = {2012-02-07 21:23:32 +0000},
	Date-Modified = {2012-02-07 22:38:44 +0000},
	Journal = {J Am Coll Surg},
	Keywords = {checklist},
	Month = {May},
	Number = {5},
	Pages = {873-79},
	Title = {Effective surgical safety checklist implementation},
	Volume = {212},
	Year = {2011},
	Bdsk-File-1 = {YnBsaXN0MDDUAQIDBAUIJidUJHRvcFgkb2JqZWN0c1gkdmVyc2lvblkkYXJjaGl2ZXLRBgdUcm9vdIABqAkKFRYXGyIjVSRudWxs0wsMDQ4RFFpOUy5vYmplY3RzV05TLmtleXNWJGNsYXNzog8QgASABqISE4ACgAOAB1lhbGlhc0RhdGFccmVsYXRpdmVQYXRo0hgNGRpXTlMuZGF0YU8RAk4AAAAAAk4AAgAAA1VubwAAAAAAAAAAAAAAAAAAAAAAAAAAAAAAAMnQ4OlIKwAAAO2LiB9FZmZlY3RpdmUgU3VyZ2ljYWwgUyNFRDhCNjcucGRmAAAAAAAAAAAAAAAAAAAAAAAAAAAAAAAAAAAAAAAAAAAA7Ytny08GaQAAAAAAAAAAAAEAAgAACSAAAAAAAAAAAAAAAAAAAAAKTGl0ZXJhdHVyZQAQAAgAAMnRGSkAAAARAAgAAMtPTLkAAAABABgA7YuIAOi6UgDEMQkAE7MeAA4NAQAODPQAAgBpVW5vOlVzZXJzOgBhcnRodXI6AERyb3Bib3g6ADFfc2hhcmU6AEJJT0lORiAzOTkwIC0gSW5kIFN0dWR5OgBMaXRlcmF0dXJlOgBFZmZlY3RpdmUgU3VyZ2ljYWwgUyNFRDhCNjcucGRmAAAOAG4ANgBFAGYAZgBlAGMAdABpAHYAZQAgAFMAdQByAGcAaQBjAGEAbAAgAFMAYQBmAGUAdAB5ACAAQwBoAGUAYwBrAGwAaQBzAHQAIABJAG0AcABsAGUAbQBlAG4AdABhAHQAaQBvAG4ALgBwAGQAZgAPAAgAAwBVAG4AbwASAHZVc2Vycy9hcnRodXIvRHJvcGJveC8xX3NoYXJlL0JJT0lORiAzOTkwIC0gSW5kIFN0dWR5L0xpdGVyYXR1cmUvRWZmZWN0aXZlIFN1cmdpY2FsIFNhZmV0eSBDaGVja2xpc3QgSW1wbGVtZW50YXRpb24ucGRmABMAAS8AABUAAgAN//8AAIAF0hwdHh9YJGNsYXNzZXNaJGNsYXNzbmFtZaMfICFdTlNNdXRhYmxlRGF0YVZOU0RhdGFYTlNPYmplY3RfEEQuLi9MaXRlcmF0dXJlL0VmZmVjdGl2ZSBTdXJnaWNhbCBTYWZldHkgQ2hlY2tsaXN0IEltcGxlbWVudGF0aW9uLnBkZtIcHSQloiUhXE5TRGljdGlvbmFyeRIAAYagXxAPTlNLZXllZEFyY2hpdmVyAAgAEQAWAB8AKAAyADUAOgA8AEUASwBSAF0AZQBsAG8AcQBzAHYAeAB6AHwAhgCTAJgAoALyAvQC+QMCAw0DEQMfAyYDLwN2A3sDfgOLA5AAAAAAAAACAQAAAAAAAAAoAAAAAAAAAAAAAAAAAAADog==}}

@article{Ziewacz2011Crisis-Checklis,
	Author = {Ziewacz, JE and Arriaga, AF and Bader, AM and Berry, WR and Edmondson, L and Wong, JM and Lipsitz, SR and Hepner, DL and Peyre, S and Nelson, S and Boorman, DJ and Smink, DS and Ashley, SW and Gawande, AA},
	Date-Added = {2012-02-07 16:17:24 -0500},
	Date-Modified = {2012-02-07 22:39:05 +0000},
	Journal = {J Am Col Surg},
	Keywords = {checklist},
	Month = {Aug},
	Number = {2},
	Pages = {212-17},
	Title = {Crisis checklists for the operating room: development and pilot testing},
	Volume = {213},
	Year = {2011},
	Bdsk-File-1 = {YnBsaXN0MDDUAQIDBAUIJidUJHRvcFgkb2JqZWN0c1gkdmVyc2lvblkkYXJjaGl2ZXLRBgdUcm9vdIABqAkKFRYXGyIjVSRudWxs0wsMDQ4RFFpOUy5vYmplY3RzV05TLmtleXNWJGNsYXNzog8QgASABqISE4ACgAOAB1lhbGlhc0RhdGFccmVsYXRpdmVQYXRo0hgNGRpXTlMuZGF0YU8RAjAAAAAAAjAAAgAAA1VubwAAAAAAAAAAAAAAAAAAAAAAAAAAAAAAAMnQ4OlIKwAAAO2LiB9DcmlzaXMgQ2hlY2tsaXN0cyBmbyNFRDg5QTYucGRmAAAAAAAAAAAAAAAAAAAAAAAAAAAAAAAAAAAAAAAAAAAA7Ymmy08F/gAAAAAAAAAAAAEAAgAACSAAAAAAAAAAAAAAAAAAAAAKTGl0ZXJhdHVyZQAQAAgAAMnRGSkAAAARAAgAAMtPTE4AAAABABgA7YuIAOi6UgDEMQkAE7MeAA4NAQAODPQAAgBpVW5vOlVzZXJzOgBhcnRodXI6AERyb3Bib3g6ADFfc2hhcmU6AEJJT0lORiAzOTkwIC0gSW5kIFN0dWR5OgBMaXRlcmF0dXJlOgBDcmlzaXMgQ2hlY2tsaXN0cyBmbyNFRDg5QTYucGRmAAAOAFoALABDAHIAaQBzAGkAcwAgAEMAaABlAGMAawBsAGkAcwB0AHMAIABmAG8AcgAgAHQAaABlACAATwBwAGUAcgBhAHQAaQBuAGcAIABSAG8AbwBtAC4AcABkAGYADwAIAAMAVQBuAG8AEgBsVXNlcnMvYXJ0aHVyL0Ryb3Bib3gvMV9zaGFyZS9CSU9JTkYgMzk5MCAtIEluZCBTdHVkeS9MaXRlcmF0dXJlL0NyaXNpcyBDaGVja2xpc3RzIGZvciB0aGUgT3BlcmF0aW5nIFJvb20ucGRmABMAAS8AABUAAgAN//8AAIAF0hwdHh9YJGNsYXNzZXNaJGNsYXNzbmFtZaMfICFdTlNNdXRhYmxlRGF0YVZOU0RhdGFYTlNPYmplY3RfEDouLi9MaXRlcmF0dXJlL0NyaXNpcyBDaGVja2xpc3RzIGZvciB0aGUgT3BlcmF0aW5nIFJvb20ucGRm0hwdJCWiJSFcTlNEaWN0aW9uYXJ5EgABhqBfEA9OU0tleWVkQXJjaGl2ZXIACAARABYAHwAoADIANQA6ADwARQBLAFIAXQBlAGwAbwBxAHMAdgB4AHoAfACGAJMAmACgAtQC1gLbAuQC7wLzAwEDCAMRA04DUwNWA2MDaAAAAAAAAAIBAAAAAAAAACgAAAAAAAAAAAAAAAAAAAN6}}

@article{Schleyer2007The-feasibility,
	Author = {Schleyer, TK and Thyvalikakath, TP and Malatack, P and Marotta, M and Shah, TA and Phanicphant, P and et al.},
	Date-Added = {2012-02-07 16:13:46 -0500},
	Date-Modified = {2012-02-07 23:12:10 +0000},
	Journal = {J Am Dent Assoc},
	Keywords = {design},
	Month = {Aug},
	Number = {8},
	Pages = {1072-80},
	Title = {The feasibility of a three-dimensional charting interface for general dentistry},
	Volume = {138},
	Year = {2007}}

@article{Irwin2009A-preliminary-m,
	Author = {Irwin, JY and Torres-Urquidy, MH and Schleyer, TK and Monaco, V},
	Date-Added = {2012-02-07 16:10:44 -0500},
	Date-Modified = {2012-02-07 22:23:47 +0000},
	Journal = {Br Dent J},
	Keywords = {treatment planning},
	Month = {Jan 10},
	Number = {1},
	Pages = {E1},
	Title = {A preliminary model of work during initial examination and treatment planning appointments},
	Volume = {206},
	Year = {2009}}

@book{Stefanac2006Treatment-Plann,
	Address = {St. Louis},
	Author = {Stefanac, Stephen J. and Nesbit, Samuel P.},
	Date-Added = {2012-02-07 16:07:05 -0500},
	Date-Modified = {2012-02-07 23:12:25 +0000},
	Edition = {2nd},
	Keywords = {treatment planning},
	Publisher = {Mosby},
	Title = {Treatment Planning in Dentistry},
	Year = {2006}}

@book{Dawson2006Functional-Occl,
	Address = {St. Louis},
	Author = {Dawson, Peter},
	Date-Added = {2012-02-07 16:03:13 -0500},
	Date-Modified = {2012-02-07 23:12:25 +0000},
	Keywords = {treatment planning},
	Publisher = {Mosby},
	Title = {Functional Occlusion: From TMJ to Smile Design},
	Year = {2006}}
